3816 6120
131 259 185 319 Ν
208 283 224 305 .
824 249 1049 309 rurueurtus.
1714 255 1762 314 ott

130 368 210 425 tionis
220 362 340 422 iutuebris
353 361 387 418 de
399 361 472 419 obitu
486 358 739 428 theodosiumque
753 372 920 415 commemo·
935 363 1141 436 Auppuquasse
1158 373 1186 420 et
1195 364 1348 433 damnasse,
1364 363 1556 438 Symmachum
1579 367 1688 438 egregie
1702 383 1761 426 uoq.

131 474 192 516 mro
201 454 385 526 superstitiosa
399 453 433 510 de
447 466 526 509 eruce
540 451 647 508 iuventa
674 442 709 506 ab
735 451 845 513 llolena.
863 466 923 519 quae
974 460 1084 516 [nunes.
1096 458 1129 515 ln
1143 460 1192 515 bae
1203 468 1380 530 nntempoeto,
1392 460 1475 526 addit,
1487 460 1536 516 lter
1556 460 1687 531 imprimis
1700 477 1762 519 rors-

130 549 324 608 enntomeliosa
337 547 437 604 suntin
454 546 579 603 meritum
590 544 702 612 (ibristi,
714 546 751 600 uti
766 544 924 615 quodbabet
974 553 1155 617 mundandum,
1166 551 1347 607 notanimis
1362 552 1442 621 pueris
1455 553 1536 607 nostri
1560 551 1653 608 muti
1671 552 1763 611 insu„

130 644 293 703 Prudentius
317 643 410 713 bymn.
431 640 501 696 Ante
520 653 654 704 somnum,
678 652 748 692 rurs.
764 637 826 704 153,
853 634 924 691 Cras
974 644 1088 711 dumet,
1101 644 1168 715 quod
1182 645 1354 711 onninooeat,
1369 652 1415 699 ast
1438 646 1492 699 raia
1510 645 1673 716 persuasitas
1686 647 1761 703 auur.

131 737 202 808 tttib'i
216 750 291 790 omns
303 735 409 799 “imme
427 741 481 787 0²⁰·
509 730 597 785 Videil
621 727 701 783 etiam
725 727 812 782 Ciuili
835 725 924 797 siqua·
973 745 1026 791 teet
1040 736 1100 791 droa
1113 736 1237 801 rtlrnieos,
1250 752 1329 806 neque
1344 735 1499 808 tbeoloqiour
1513 738 1626 804 imperit
1635 740 1762 811 qentiiiier

131 826 197 883 tium
213 824 324 880 nimium
337 822 462 878 tribuisse
474 819 647 890 prromom,
663 828 690 872 et
701 817 793 873 multis
807 832 860 874 ooo
873 833 923 873 ne·
973 825 1068 895 [obelis
1081 836 1233 893 conspurcat
1248 841 1258 879 .·
1271 832 1315 881 sed
1325 835 1415 881 moneta
1424 827 1514 897 plurari
1524 845 1567 884 res
1591 830 1695 885 diuinos
1705 833 1762 888 rtur

132 916 257 974 uersariis
267 925 294 973 et
304 913 443 970 inutilibus
456 924 593 968 oneratam
618 911 701 966 luisse
728 909 887 973 Ecclesiam,
900 911 922 965 si
974 927 1099 972 ettamen
1122 919 1185 971 satir
1206 919 1335 988 eleqonter
1357 926 1460 973 tractat.
1488 919 1526 975 lta
1544 918 1668 977 baeretici
1685 936 1762 980 mute

132 1022 166 1065 eo
179 1005 336 1076 temporein
362 1018 395 1060 ea
417 1002 506 1059 usitati
522 1011 599 1057 erant
617 1014 735 1056 canones
759 1000 924 1071 poeniteutiae
973 1008 1112 1079 religionis
1123 1007 1262 1063 eatlroiiem
1277 1022 1400 1078 magnum
1414 1008 1519 1078 pondus
1541 1010 1686 1080 adjiciunt,
1707 1012 1761 1068 dun

132 1101 205 1158 Petri
228 1097 410 1154 Alexandrini,
430 1096 469 1151 lie
489 1093 642 1165 purgatorio
667 1101 760 1147 notant
772 1093 925 1148 consentire
975 1098 1148 1154 Prudentium
1158 1101 1342 1169 maximopere
1354 1100 1475 1169 laudant,
1495 1110 1544 1158 eta
1565 1104 1624 1159 suis
1638 1105 1763 1173 opinioni.

132 1194 281 1252 doctrinam
300 1189 528 1263 10qurudontii
546 1188 711 1257 liemarum,
727 1187 754 1240 ln
769 1185 832 1250 litte.
862 1184 924 1240 ls'sto
974 1189 1153 1248 busalienum
1168 1190 1332 1247 luisseultro
1348 1191 1474 1248 latentur.
1496 1193 1544 1250 llis
1566 1193 1763 1255 loannemlile·

132 1303 279 1352 erumnose,
289 1300 348 1341 eum
362 1281 510 1351 Lactantio,
523 1280 568 1338 lib.
585 1296 633 1346 err,
648 1294 708 1349 eap.
719 1279 764 1346 tt,
789 1289 816 1334 et
831 1278 924 1332 lliero·
974 1280 1193 1346 riuum,iortasse
1208 1297 1260 1335 uon
1287 1281 1365 1337 ualde
1388 1293 1593 1353 repugnantem,
1616 1285 1763 1356 adjurryrrr,

132 1378 283 1451 nymo,lib.
304 1392 329 1432 ru
348 1383 493 1430 comment.
514 1372 541 1428 in
571 1372 677 1440 leniam,
698 1384 757 1441 cup.
769 1368 797 1433 1,
820 1378 847 1424 ot
876 1369 921 1424 lib.
973 1375 1762 1451 quitum.llllliiblintbunirers.Pytbaqoreimnisuspi.

132 1485 195 1526 tutu
206 1467 311 1525 romin
326 1466 432 1521 isaiam.
973 1468 1077 1524 cionem
1097 1467 1243 1525 Prudentia
1258 1471 1371 1526 intentat
1384 1486 1416 1527 ex
1440 1472 1533 1543 hymn.
1546 1471 1574 1541 5,
1594 1474 1674 1547 105
1693 1473 1763 1539 ortt,

170 1560 231 1616 119.
244 1558 303 1613 lam
313 1559 384 1613 eirea
401 1556 468 1611 ritus
489 1553 685 1610 ecclesiasticos
697 1552 921 1616 animadvertunt,
973 1576 1044 1616 vers.
1059 1561 1108 1627 58,
1123 1559 1196 1615 Absit
1227 1562 1295 1615 euim
1310 1560 1459 1632 proeriillo
1486 1562 1579 1632 sumes,
1617 1564 1763 1629 rediisses

132 1659 257 1705 arescente
268 1647 543 1719 superstitioueaurulo
557 1660 594 1713 ru,
602 1645 778 1700 caeremonias
786 1645 919 1708 funebres,
973 1651 1098 1721 praedatur
1109 1652 1186 1706 libert
1196 1656 1350 1725 sanquinem
1363 1654 1476 1709 lacerare
1488 1655 1578 1726 dapes.
1596 1655 1682 1713 llulta
1692 1657 1762 1715 eliam

133 1750 189 1796 tum
217 1755 250 1798 ex
287 1738 447 1794 rtlruicismo
479 1746 534 1792 tum
558 1751 592 1810 es
618 1735 755 1791 ludaismo
777 1736 926 1792 cumulatas
941 1732 963 1792 tt
978 1740 1331 1799 blaterateireaoratlonem
1345 1745 1371 1799 in
1385 1744 1531 1815 llamarth.
1545 1745 1592 1802 :0
1613 1745 1663 1802 dee
1674 1748 1761 1803 met·

134 1832 227 1901 luisse,
241 1843 267 1888 et
281 1832 421 1903 proferunt
442 1845 502 1899 etp.
529 1830 546 1885 6
572 1829 708 1886 Prudentii
735 1845 805 1886 vers.
834 1829 925 1901 hymn.
978 1832 1201 1901 pareunetquud
1219 1832 1382 1890 Prudentius
1398 1835 1514 1890 animam
1537 1844 1620 1893 roret
1640 1838 1760 1908 orsurus

135 1925 245 1994 Essem,
260 1923 378 1980 Candore
390 1924 497 1978 nitentia
509 1923 590 1987 claro,
605 1930 633 1978 et
647 1922 703 1978 Nor
714 1931 779 1978 tecto
789 1922 928 1994 latebimus
978 1923 1054 1991 Quod
1062 1933 1151 1980 autem
1166 1925 1285 1992 mireris,
1307 1923 1427 1983 Clericus
1449 1927 1476 1982 in
1491 1927 1574 1983 rebus
1598 1928 1759 1998 medeburu

134 2034 202 2074 aun.
214 2020 281 2074 Aras
294 2017 321 2073 in
339 2017 446 2087 templis
461 2015 543 2072 luisse
565 2030 599 2071 er
618 2015 737 2070 historiis
751 2015 808 2084 eius
822 2016 924 2080 seculi,
979 2016 1188 2071 melioreritious
1199 2031 1279 2087 quam
1292 2017 1319 2073 in
1335 2019 1437 2087 saeris,
1456 2017 1635 2077 Prudentium
1659 2021 1758 2079 aitlrrrat

134 2109 267 2176 Szeratls,
290 2108 445 2175 Sornmeni,
466 2105 628 2162 Theodoreti
654 2104 766 2173 aliisque
791 2104 925 2172 latentur,
978 2107 1214 2178 interdururepere
1227 2109 1314 2176 humi,
1330 2125 1390 2166 eum
1409 2105 1526 2168 m'arime
1546 2113 1575 2167 iu
1598 2114 1756 2170 sublimem

134 2201 180 2257 sed
189 2202 265 2256 aiunt
279 2200 405 2256 alud-eis
419 2202 488 2255 trane
502 2198 722 2255 consuetudinem
744 2212 926 2269 permanasse.
979 2199 1035 2255 lure
1049 2207 1179 2265 conatum
1192 2199 1250 2271 eius
1265 2210 1353 2257 tamen
1369 2202 1511 2258 lectionem
1523 2203 1558 2259 aul
1579 2203 1755 2262 ecclesiasticas

135 2293 275 2361 llolerunt,
287 2292 461 2348 Prudentium
473 2291 603 2358 indicare,
628 2288 758 2360 imagines
780 2304 929 2360 repraesen·
979 2289 1151 2360 antiquitates
1160 2291 1360 2362 cognoscendas
1381 2301 1560 2364 opportunam
1575 2309 1637 2351 esse
1654 2310 1704 2350 non
1718 2296 1753 2349 dil·

135 2391 223 2439 untes
231 2382 367 2452 passiones
376 2390 523 2451 martyrum
534 2379 561 2434 in
570 2379 677 2448 templis
687 2378 813 2435 collocari
822 2379 925 2445 solitas,
979 2381 1079 2436 litetur.
1099 2381 1197 2436 bailius
1205 2381 1308 2438 lnliiet.
1320 2383 1393 2449 erit,
1408 2383 1491 2440 rerbo
1506 2383 1653 2453 Prudence,
1677 2387 1751 2456 partin

135 2474 182 2529 sed
196 2475 312 2542 picturas
325 2473 350 2527 in
363 2469 923 2541 templisitnprobariabllieronymoepist.
979 2473 1083 2529 clerieo
1102 2474 1233 2542 adbaeret,
1249 2475 1347 2545 purtim
1362 2476 1397 2531 ab
1420 2490 1453 2532 eo
1487 2476 1633 2534 dissentit:
1660 2494 1713 2534 nam
1733 2489 1751 2533 ot

134 2566 168 2621 nd
183 2565 264 2622 loen.
277 2563 455 2634 llierosolym.
472 2560 629 2617 Concedunt
643 2559 815 2616 Prudentiuur
831 2560 926 2616 utemi·
979 2568 1130 2623 orationem
1154 2567 1360 2639 llamartiqeniae
1379 2567 1486 2625 delendi
1517 2577 1545 2626 et
1571 2569 1671 2626 laudari
1690 2586 1749 2641 poue

135 2659 208 2714 nisse
218 2671 358 2714 cereatum
381 2654 552 2712 oarudelarum
575 2654 670 2725 bymn.
687 2654 717 2711 S.
734 2653 828 2720 Lanu,
847 2662 874 2708 et
895 2654 925 2711 S.
980 2667 1077 2722 tuetur,
1093 2667 1121 2715 et
1133 2658 1230 2714 animae
1254 2660 1747 2718 immortalitatemaPrudentiodiserta

135 2749 430 2821 llieronymumeoutra
445 2746 617 2815 lliyilautium
640 2761 773 2817 asserere,
797 2760 844 2816 per
859 2754 929 2802 totas
979 2749 1108 2804 allirmari
1125 2756 1247 2806 testatur.
1270 2751 1308 2806 lie
1330 2750 1537 2806 ilarucbreorum
1560 2751 1657 2808 baeresi
1678 2752 1745 2820 potius

134 2842 251 2900 Orientis
262 2841 408 2905 Ecclesiae,
418 2839 723 2909 quandoleqendumest
737 2837 926 2908 Evangelium,
979 2841 1078 2896 Pullius
1102 2840 1218 2910 laborat,
1236 2857 1351 2914 quorum
1374 2842 1541 2913 objectiones
1569 2844 1636 2900 satis
1660 2843 1747 2899 diluisse

135 2933 242 2992 aeeendi
251 2933 402 3001 luminaria,
409 2933 468 3005 jam
485 2933 540 2987 sole
565 2933 699 3000 rutilante,
723 2947 773 2986 nou
796 2931 928 3002 utiqosod
979 2932 1150 2988 Prudentiunr
1168 2942 1258 3002 noqat,
1276 2949 1337 2989 cum
1359 2948 1487 3004 nusquam
1513 2933 1638 2991 idoneam
1660 2948 1746 3005 respou-

135 3028 263 3100 repandus
287 3026 411 3094 terebros,
424 3027 468 3081 teri
482 3025 516 3079 od
530 3025 632 3096 siquem
645 3024 741 3080 letitie
750 3024 928 3078 demonstran·
978 3024 1083 3080 sionem
1094 3024 1264 3081 seinteuisse
1271 3027 1444 3096 pertinaciter
1455 3039 1604 3084 assereret.

135 3125 207 3178 dunt.
225 3122 278 3181 Sed
294 3132 427 3191 reponunt
445 3121 503 3178 bae
520 3136 627 3193 quoque
648 3136 680 3176 ex
696 3120 834 3175 ludaismo
857 3101 964 3175 ortae
1280 3160 1395 3219 CAPUT
1409 3160 1466 3218 W·

137 3215 266 3286 lienique,
276 3231 336 3286 cap.
349 3215 395 3282 lli,
411 3215 481 3271 iuter
500 3229 593 3269 naevos
613 3213 752 3270 Prudentii
775 3219 927 3278 numerant,

135 3308 206 3377 quod
219 3323 274 3363 nou
285 3316 327 3362 sat
340 3307 483 3363 commode
499 3308 623 3377 loquatur
637 3306 671 3362 do
685 3306 811 3361 libertate
835 3304 930 3359 buma-

135 3397 332 3454 naeroluntatis
345 3398 491 3467 llumartiq.
513 3413 584 3453 rere.
608 3396 671 3463 too,
682 3395 723 3449 En
736 3397 928 3466 tibiaiqnutum.
1038 3443 1044 3456 ,

136 3489 261 3559 litquod,
277 3490 375 3546 ibidem
391 3485 679 3555 nummismais
699 3489 850 3543 innocentia
870 3487 928 3543 uio·
1015 3482 1077 3538 too.
1089 3481 1125 3537 llt
1139 3489 1227 3537 autem
1256 3481 1298 3551 rip
1326 3490 1354 3537 rt
1375 3482 1480 3539 ratione
1497 3482 1636 3540 Prudentii
1648 3482 1746 3540 doctrina

136 3581 246 3646 lentum,
258 3588 288 3635 ot
298 3579 363 3650 ipsis
378 3579 493 3644 uidetur,
506 3579 754 3649 interpretationem
769 3577 832 3633 dieti
854 3577 929 3632 Pauli
980 3571 1141 3636 virudieetur.
1154 3572 1270 3642 primum
1286 3572 1372 3628 dicam
1388 3573 1422 3630 de
1436 3574 1469 3630 iis
1483 3574 1512 3629 in
1537 3576 1637 3646 quibus
1650 3575 1748 3630 Pruden-

137 3669 169 3726 ad
182 3668 313 3739 Ephesius
326 3685 351 3724 u
364 3669 588 3739 amplerusluerit
601 3687 607 3723 ι
626 3668 714 3735 Errat,
729 3671 775 3734 uit,
788 3670 831 3740 qui
849 3669 931 3722 incra·
981 3662 1034 3718 tius
1045 3679 1107 3719 eum
1118 3663 1415 3730 eatluolieisoonsentit,
1426 3664 1460 3720 ab
1472 3664 1608 3722 baeretleis
1622 3666 1747 3735 discrepat:

136 3777 193 3816 suen
207 3777 264 3815 com
274 3762 400 3832 sanquine
412 3759 493 3815 nobis.
508 3761 573 3816 trem
590 3762 660 3832 quod
672 3770 819 3833 martyrum
835 3761 928 3817 mertun
981 3761 1036 3808 tum
1050 3768 1081 3808 ea
1096 3753 1237 3823 explicabo
1252 3769 1312 3824 quae
1327 3754 1462 3825 aliquibus
1475 3756 1533 3811 risu
1545 3765 1610 3812 sunt
1630 3757 1748 3813 averitate

136 3852 289 3910 ciuitatibus
303 3852 355 3908 illis
366 3850 659 3924 prolutnraseripserit,
676 3853 701 3909 in
721 3854 817 3924 quibus
832 3854 930 3910 obdor·
981 3845 1040 3900 sole}
1055 3844 1214 3901 Cillibam)
1237 3846 1373 3900 abertate·
1403 3845 1604 3904 invocationem
1618 3857 1748 3904 sanonum

137 3943 255 4010 mierint,
269 3942 363 4014 layum.
374 3944 522 3999 octodecim
551 3954 663 4016 martyr.
688 3943 802 4011 (lusam,
825 3944 888 4000 Solo
902 3945 930 3999 in
980 3939 1135 4006 cultumque
1149 3938 1322 4007 reliquiarum
1337 3937 1455 3994 allirmat
1467 3937 1642 3995 Prudentius.
1661 3939 1707 3995 Sed
1719 3951 1750 3993 so·

137 4050 270 4089 occurrunt
281 4035 476 4091 numerosiores.
496 4036 550 4091 Nee
571 4037 636 4092 satis
657 4047 736 4093 eante
748 4036 849 4092 dixisse
874 4036 927 4092 illis
981 4029 1093 4085 lusne'ttl
1107 4029 1268 4084 Prudenlitls
1283 4029 1418 4084 affirmat?
1433 4028 1547 4087 imbelli
1560 4031 1657 4100 eiiam,
1676 4032 1746 4086 riuti:

137 4124 402 4182 uidetorcatbemer.
419 4127 510 4198 irymu.
527 4128 596 4184 liuto
606 4128 705 4197 eibum,
718 4144 789 4185 vers.
803 4129 864 4195 tto,
874 4129 930 4183 ttoc
980 4120 1108 4192 mitialem
1135 4128 1243 4190 coepttal
1271 4120 1326 4174 boec
1349 4120 1495 4191 81161115ῑὶ0
1518 4120 1570 4192 (ol-
1586 4121 1656 4189 Quid
1677 4121 1697 4177 sl
1710 4128 1750 4174 1⁰1⁰

137 4218 224 4271 saturn
247 4231 317 4273 neum
341 4218 407 4272 urm
428 4229 493 4273 erar.
515 4220 639 4287 ortuum
668 4235 700 4275 ex
727 4220 768 4274 uu
785 4219 929 4275 prouentu
981 4215 1045 4269 orb-2
1062 4213 1214 4269 Christiano
1236 4211 1335 4267 neum
1358 4211 1384 4267 ut
1410 4211 1492 4269 rutsss
1506 4212 1658 4280 ostendam.
1677 4225 1750 4282 qun

137 4323 243 4379 quoqne
257 4308 350 4378 objicit
362 4308 449 4365 Lueas
459 4309 591 4365 Osiander
606 4311 632 4363 in
645 4309 729 4379 Epist.
746 4309 840 4364 rooles.
854 4308 929 4375 bist,
981 4307 1105 4361 bentibus
1120 4315 1147 4360 et
1162 4305 1353 4375 plaudentibus
1363 4304 1516 4376 spismptst
1527 4305 1686 4362 liiuemosne
1697 4313 1750 4359 rete·

138 4409 208 4454 eeut.
225 4400 253 4466 1,
267 4399 409 4470 lib.r,eap.
421 4401 466 4469 26,
479 4401 549 4469 Quos
563 4417 673 4466 errores,
683 4401 780 4470 inquit,
794 4400 930 4455 bominum
982 4413 1025 4454 ros
1039 4399 1100 4454 illos
1110 4412 1228 4464 errasse,
1255 4407 1399 4455 novatores
1418 4412 1481 4453 uera
1503 4399 1626 4455 sentire?
1641 4400 1748 4468 lieleyao·

138 4491 187 4561 ipsi
206 4491 363 4545 condonasse
379 4508 432 4546 non
458 4493 614 4547 dubitamus.
636 4493 686 4561 Qui
711 4503 798 4547 tumen
823 4492 929 4559 latetur,
943 4460 970 4522 ὓ
983 4501 1025 4544 tur
1038 4490 1174 4545 Prutleutii
1197 4491 1328 4556 earmina,
1353 4498 1380 4545 et
1401 4489 1504 4560 liquido
1525 4492 1667 4561 apparebit
1687 4499 1748 4545 nont

139 4588 279 4635 reeteeum
288 4583 321 4636 de
332 4581 466 4652 plerisque
481 4584 600 4651 partibus
619 4584 756 4655 religionis
770 4584 930 4639 Christianae
982 4581 1128 4636 Prudentia
1147 4581 1302 4651 opinionem
1330 4581 1447 4650 aliquam
1472 4595 1549 4637 suam
1575 4584 1695 4654 proponi,
1716 4575 1749 4633 toti

138 4674 266 4738 sens‘sse,
279 4673 390 4742 piozelo
407 4682 435 4729 et
447 4685 522 4730 recto
542 4676 643 4745 judicio
663 4677 779 4732 lraereses
800 4677 929 4747 quasdam
983 4672 1251 4729 Ecclesiteunirersae
1262 4673 1485 4729 eorrsuetudinem
1503 4669 1748 4746 menarrabili.

981 3276 1019 3330 oe
1038 3283 1184 3330 sanctorum
1199 3276 1270 3330 calta
1279 3283 1303 3330 rt
1314 3277 1484 3339 ornertuioae,
1495 3291 1635 3349 eorumque
1643 3275 1745 3347 reliquiis,

1190 3361 1222 3400 ea
1239 3345 1376 3401 Prudentii
1390 3346 1559 3403 carminibus.

176 4835 213 4904 (u)
228 4834 364 4890 Fabricius
383 4836 409 4892 in
429 4849 574 4894 comment,
594 4842 788 4896 invocationem
814 4857 921 4896 sanein.
1007 4835 1179 4885 lllitascruure
1190 4842 1273 4884 saneto
1284 4848 1348 4884 nurnc
1359 4847 1446 4882 arenas
1458 4833 1544 4906 iuool3e

139 4919 198 4958 rum
223 4906 388 4974 temporibus
408 4906 544 4963 Prudentii
567 4910 593 4963 iu
614 4911 763 4966 Ecclesium
781 4913 835 4980 jam
855 4915 921 4968 irre·
1007 4897 1215 4969 C⁰¹¹“⁹‘³¹.¹⁰”¹²⁰¹
1227 4897 1552 4969 ⁰b⁵⁰⁰f²f¹¹‘¹⁸'⁰⁰⁰·‘⁰¹'⁸·
1564 4903 1676 4969 'mium'

140 4974 226 5042 psisse
245 4975 293 5037 ait,
307 4984 335 5028 et
355 4990 473 5031 errorem
487 4993 563 5033 suurn
579 4989 669 5034 eontra
688 4980 861 5036 Prooemium
876 5000 924 5036 uu-
1038 4957 1124 5007 Em
1138 4969 1232 5006 ⁰⁰⁰⁰⁰¹¹
1244 4963 1271 5005 ⁰²
1280 4957 1348 5007 (Μ
1360 4957 1406 5005 ¹¹⁰⁰
1415 4955 1633 5030 ⁰⁰¹⁰⁰¹¹⁸3dlfl¹¹¹i
1647 5020 1652 5030 .

139 5043 263 5099 ctoritate
280 5045 409 5100 loaebimi
424 5049 568 5103 camerarii
584 5050 651 5104 tueri
665 5050 738 5114 uult,
760 5052 804 5119 qui
827 5054 924 5109 usserit
1009 5019 1250 5130 fi}m³,'fl,²g¹,¹,gs⁸¹},}‡{
1260 5019 1683 5130 {gfflussgcssssmssfepffiffl

140 5114 923 5190 l'rudentiumnimisinbislrtissepoetam,etasimplice
1041 5094 1082 5143 ⁰⁹
1346 5094 1380 5142 ‚q
1436 5093 1510 5142 βω
1556 5094 1570 5131 ⁸
1686 5113 1691 5126 '

139 5185 416 5252 ’'0'512142'200955350·
438 5190 618 5244 iffloenstlleffl
640 5191 769 5246 mullssiffl
790 5202 922 5248 isonium·
976 5203 1100 5258 Praelari
1131 5211 1194 5257 sum
1217 5218 1312 5258 versus
1335 5203 1373 5258 illi
1402 5203 1428 5258 iu
1458 5204 1589 5262 Passione
1616 5199 1746 5261 Laurentii,

140 5252 240 5310 l'erum
251 5257 278 5310 in
292 5257 334 5312 bis
352 5257 500 5312 audiendus
518 5274 570 5312 uon
590 5271 632 5315 est
649 5261 826 5327 Camerarius,
849 5281 924 5319 aenea
977 5289 1049 5329 vers,
1064 5273 1131 5330 515:

139 5324 184 5380 itte
194 5325 275 5380 malto
290 5328 379 5381 ureliaa
392 5329 424 5382 rie
434 5327 528 5382 Plauto
539 5347 615 5399 quom
626 5331 657 5385 de
672 5331 719 5385 reli
737 5333 794 5387 ione
808 5337 926 5397 meritus,

139 5394 298 5478 quodureete
311 5398 338 5452 iu
353 5398 468 5467 quodam
485 5398 597 5455 Fabricii
624 5350 771 5473 esempiari
790 5419 870 5458 mauu
894 5407 927 5461 ud
1103 5407 1225 5471 Quidquid
1237 5409 1357 5463 butrium
1369 5415 1487 5478 sueverat

139 5479 199 5519 mar
218 5481 287 5522 tuem
302 5469 448 5537 ascriptum
459 5472 558 5537 reperi,
574 5472 735 5528 Prudentius
749 5489 822 5540 supe
845 5475 926 5529 bisto-
1134 5469 1212 5519 0t³t0
1222 5471 1366 5531 sumundum
1380 5470 1475 5539 boma,

140 5536 195 5590 rire
215 5536 331 5607 oquitur,
347 5552 433 5607 noque
447 5540 499 5594 alio
514 5540 605 5608 modo,
615 5558 645 5598 ac
655 5545 745 5599 emtori
760 5544 809 5602 SS.
823 5544 926 5601 Patres.
1134 5531 1221 5581 cmm*
1235 5531 1395 5592 ffeq¹¹⁰¹¹¹³⁰⁸
1406 5538 1477 5586 ³²⁸³·

178 5604 216 5673 (1)
229 5606 433 5679 Perist'lrymn.
448 5608 472 5677 l,
489 5626 561 5666 vers.
576 5613 603 5665 7.
1104 5591 1500 5717 1Ρξξ1ἑῖὓςῑὲῃΐῧῖἷῑὲῑῑῶξῃῐῧιθῃῐέῑῐθω·

206 5694 250 5746 llis
261 5697 370 5752 calentes
381 5700 460 5752 bausit
472 5703 548 5755 undas
558 5705 625 5755 tede
639 5707 728 5758 tinetua
738 5707 836 5769 duplici,
1128 5714 1261 5776 ,Quondam
1273 5713 1376 5778 luperci,
1389 5718 1430 5765 aut
1439 5713 1564 5777 domiuus,
