3832 6120
82 236 126 292 itt
555 244 706 305 JOANNES
735 246 915 307 DiACONUS.
941 250 1230 309 uituteuorie'tiott.
1647 255 1698 310 598
1756 332 1759 338 ι

80 359 183 416 notoria
198 366 292 425 retent,
306 359 423 430 inspecta
439 369 453 398 ⁸
465 371 525 432 post
540 364 680 420 uictoriam
691 366 725 422 de
739 368 862 423 eminen-
875 368 901 428 Α
914 368 1005 424 nendi.
1024 369 1062 426 ile
1074 381 1168 442 quarto
1182 385 1275 426 omncs
1291 385 1338 425 nis
1354 385 1399 440 per
1414 371 1544 425 Lazarum
1560 384 1699 427 recurren-

80 453 141 506 tiore
152 450 213 506 ioco
237 452 456 508 numerosissima
470 455 513 509 rui
534 457 666 511 exercitus
681 458 860 521 multitudiue,
918 465 968 523 tes,
983 468 1011 513 ιιι
1024 462 1226 528 resuscitemur,
1250 475 1302 516 nou
1318 460 1403 515 solnm
1417 460 1560 516 miserendi
1575 460 1700 524 dulcedo,

80 543 253 613 lacrymasse3
267 543 313 612 qui
324 557 387 599 mor
402 559 416 598 a
429 546 554 616 satrapis,
570 561 629 616 quar
644 548 671 602 in
691 550 737 604 tali
750 550 864 607 beatitu-
916 547 1057 603 sedetiam
1073 549 1154 605 demii
1166 565 1234 621 opue
1247 559 1288 606 est
1303 549 1461 606 amaritudo.
1487 549 1551 604 Post
1563 550 1621 607 inec
1640 551 1700 621 quia

75 633 137 687 diue
156 644 238 686 cansa
255 631 335 688 uendi
350 642 423 689 esset
436 635 631 707 interrogatum
653 638 744 704 istam,
767 641 863 711 inquit,
917 637 964 692 tali
978 639 1132 707 magisterio
1143 642 1223 696 etam
1237 654 1287 696 nos
1300 639 1391 695 docuit
1411 639 1552 710 plangere,
1567 639 1703 697 discerna-

77 722 272 780 mnltitudinem
297 724 390 796 lugeo,
413 742 472 797 quar
493 730 639 799 quamlibet
664 732 771 798 uictrix,
796 734 864 790 iutra
917 742 976 783 111111
998 729 1136 785 seleutiam
1165 730 1379 801 imperitiamque
1406 730 1595 800 laerymamm.
1631 730 1702 788 Ecce

77 831 130 871 unu
142 816 242 872 multos
253 820 551 875 annosomuieomnino
567 831 668 878 craturae
680 824 738 895 lege
749 825 864 881 linieuda
917 816 996 873 1111111
1012 817 1045 873 id
1056 819 1198 874 1111111111
1222 821 1384 876 1111111111
1403 820 1490 888 multi,
1514 820 1537 875 ⁵¹
1551 821 1702 892 (1111111111

79 918 130 963 nsi,
154 909 184 964 st
206 909 240 963 nd
259 910 414 967 mennatem
438 913 625 984 „preme
642 954 721 971 ,,,,,,,
738 931 800 972 0000
823 918 864 971 ιη.
916 908 1088 977 seruetipsnm
1107 910 1134 964 in
1154 912 1274 966 oratione
1295 920 1465 980 prosternens
1486 913 1568 981 coepit
1591 920 1703 982 quanto·

76 1013 185 1067 eryrnaa
199 998 293 1070 dignas
306 1015 368 1070 repe
382 1001 526 1068 mundano,
538 1017 617 1073 quam
629 1003 693 1059 libet
702 1003 781 1060 eriam
792 1005 865 1061 Cbri-
917 998 982 1054 libet
995 999 1057 1054 ilem
1070 1000 1171 1070 aliquid
1184 1001 1255 1071 quod
1270 1001 1302 1056 ad
1317 1002 1443 1057 eaeeuium
1467 1002 1599 1070 pertineat
1611 1017 1700 1071 orare,

74 1088 166 1142 §tiano
181 1088 296 1157 principi
318 1090 473 1146 conveniret
495 1101 555 1160 post
569 1093 718 1162 triumphos
730 1094 764 1150 de
778 1106 865 1152 morie
916 1099 964 1144 aut
978 1091 1189 1146 conuersationis
1210 1090 1351 1146 mundanae
1363 1090 1529 1158 felicitatem,
1548 1100 1595 1147 ant
1615 1092 1703 1148 inimi-

72 1179 254 1249 mapisquam
265 1179 299 1235 dc
312 1179 430 1235 culmine
444 1183 606 1250 cogitantem
619 1197 673 1237 non
689 1192 801 1250 tumere,
816 1185 864 1240 ned
917 1192 1010 1233 eorum
1026 1187 1152 1243 mortem,
1173 1188 1219 1234 aut
1232 1179 1383 1235 divitiarum
1399 1180 1641 1249 amplificationem,
1656 1192 1703 1236 aut

69 1268 206 1338 plangere
221 1268 305 1338 :qnid
328 1270 350 1324 si
372 1283 450 1324 censa
472 1280 605 1340 presente
627 1271 707 1328 istum
722 1284 733 1312 1
748 1273 865 1344 religiosi
918 1267 980 1324 nite
995 1268 1073 1337 liujus
1092 1268 1295 1338 longitudinem,
1317 1279 1361 1324 ant
1386 1269 1514 1326 bonorem
1535 1271 1702 1327 secularium

69 1359 207 1428 principie
218 1357 308 1414 lietum
324 1367 418 1415 testem
433 1361 560 1427 sciamus,
573 1375 633 1416 cum
657 1361 740 1417 Dauid
755 1363 799 1419 iiie
812 1365 865 1419 vir·
918 1361 1096 1432 dignitatum:
1111 1361 1228 1432 nunquid
1243 1377 1296 1417 non
1310 1362 1493 1433 inuinscemodi
1517 1362 1641 1434 lacrymae
1655 1364 1703 1420 do-

68 1459 134 1505 tute
146 1464 269 1520 magnus,
292 1458 423 1519 potestate
438 1452 573 1519 predium,
594 1453 692 1521 pietate
706 1455 861 1523 praeccirus,
918 1461 981 1509 eeut
996 1452 1131 1508 bominem
1155 1453 1260 1508 nescire
1280 1453 1342 1523 qnid
1366 1453 1484 1523 plangat,
1509 1468 1575 1524 quas
1594 1455 1703 1511 inutiles

67 1541 242 1594 interaurea
262 1549 334 1595 rema
356 1547 541 1610 gemmataque
564 1540 725 1611 diademata,
748 1542 866 1600 coelertia
919 1545 984 1600 ratis
1007 1545 1198 1616 imperitasque
1222 1545 1316 1614 procui
1343 1545 1424 1600 dnbio
1449 1544 1578 1614 perdidit,
1601 1547 1704 1615 quoties

68 1629 163 1700 magis
186 1630 264 1701 requi
285 1644 411 1686 coronam
433 1631 623 1688 instantissimo
650 1635 717 1690 aestu
740 1635 866 1692 icruentie
920 1635 1107 1707 sicprnlnditl
1130 1637 1206 1705 Quod
1230 1652 1283 1692 non
1299 1645 1353 1692 tam
1376 1642 1514 1706 miserum,
1538 1653 1617 1708 quam
1635 1639 1705 1695 sica

68 1720 205 1777 desiderii
216 1721 374 1790 suspiraret,
391 1723 500 1789 Quando
513 1725 621 1791 reniam,
647 1723 760 1790 dicens,
783 1733 808 1780 et
821 1743 867 1799 op·
882 1724 906 1786 Β
920 1727 1008 1785 demto
1024 1728 1069 1784 ille
1089 1729 1140 1785 eibi
1162 1738 1236 1800 petat
1260 1729 1352 1794 tribui,
1377 1745 1437 1799 quae
1459 1729 1535 1785 multi
1552 1731 1633 1787 ileum
1658 1747 1705 1788 ne·

64 1813 172 1883 porto
191 1820 252 1866 orte
268 1811 361 1883 [eciem
377 1811 424 1867 Dei
443 1813 727 1885 coaeternitatem
745 1815 869 1886 Nunqnid
920 1821 1036 1877 scientes
1048 1822 1108 1876 sine
1127 1823 1188 1876 nilir
1212 1822 1335 1891 precibus
1359 1821 1494 1891 peccando
1514 1821 1637 1878 ridentur
1649 1822 1705 1879 adl·

73 1917 136 1956 11111
150 1900 283 1972 1111111111
297 1916 359 1955 1111
379 1901 569 1971 humilitates
584 1903 629 1959 die
650 1918 682 1960 11
696 1914 783 1968 nocte,
804 1905 869 1961 dnm
921 1911 997 1980 pisci.
1013 1911 1130 1966 licentra
1145 1911 1219 1966 rides
1231 1911 1311 1965 alium
1322 1909 1541 1978 ingemiscentem
1552 1912 1705 1967 etciaman·

64 1991 869 2067 dicebantitlipersinqniosdies:iilicrtlienrtnnrtquod
920 2012 993 2059 tem:
1011 2002 1133 2069 Domine,
1146 2002 1277 2073 propitiae
1295 2013 1353 2056 erto
1373 2001 1438 2055 mitri
1463 2003 1606 2072 peccatori,
1633 2005 1705 2072 plan·

66 2087 109 2138 εἰ
122 2091 195 2138 certe
205 2082 322 2148 dicebar,
338 2098 389 2137 ιιοιι
405 2097 504 2154 negare
523 2084 688 2156 compellens
713 2099 869 2157 persecutor
918 2106 982 2162 gere
996 2094 1076 2149 vitam
1090 2094 1199 2159 malem,
1216 2105 1336 2162 quaerere
1349 2091 1458 2159 bonam,
1475 2089 1570 2148 iisdem
1581 2090 1705 2162 iacrymis

57 2185 219 2240 externus,
231 2177 280 2232 red
297 2176 388 2233 nidere
403 2179 595 2248 coucupiscens
609 2181 714 2238 animus
727 2195 802 2237 sune.
817 2182 870 2238 Lo·
919 2183 1017 2254 quibus
1038 2184 1130 2254 irriget
1151 2192 1274 2250 stratum,
1297 2184 1387 2238 lavare
1405 2180 1544 2248 delictum,
1562 2182 1706 2239 ostendere

56 2269 212 2339 ‹puebatnr
225 2270 297 2325 enim
312 2269 363 2324 ribi
379 2269 487 2339 spiritns
500 2271 654 2328 coelestibus
668 2273 799 2339 intentus,
818 2274 869 2332 Ubi
920 2273 1010 2329 necin
1021 2273 1162 2343 gemitibus
1171 2271 1378 2328 imbecillitatem
1386 2271 1485 2336 caruis,
1494 2270 1618 2327 ardorem
1629 2286 1706 2326 men·

49 2361 207 2417 alben·
223 2360 429 2428 rrurtbmodo
443 2363 548 2417 neniam
563 2370 591 2418 et
602 2365 737 2434 apparebo
749 2375 811 2421 aute
829 2367 869 2421 ia·
920 2362 963 2429 tie,
984 2362 1122 2418 horrerem
1146 2362 1251 2427 mortio,
1275 2375 1394 2416 amorem
1419 2359 1633 2416 resurrectionis.
1657 2360 1707 2416 iiie

47 2451 151 2507 ciem
163 2450 239 2521 cinei
253 2451 282 2507 Si
295 2452 443 2508 decuerunt
454 2452 534 2525 igitur
545 2468 634 2525 regem
648 2465 769 2512 sanctum
783 2456 869 2529 lacry-
919 2451 1062 2525 plangendi
1081 2452 1194 2522 peritus,
1220 2453 1262 2507 irie
1276 2449 1447 2507 doctissimus
1472 2448 1553 2506 llerrdi
1574 2460 1625 2506 eet.
1648 2449 1707 2505 Nou

49 2557 136 2598 tue
147 2543 224 2607 talea,
238 2541 301 2611 quid
321 2557 392 2598 nuuc
401 2543 436 2599 de
449 2543 507 2614 ipso
521 2554 674 2601 sauctorum
687 2546 786 2602 Sancto
797 2548 870 2603 dica·
922 2544 991 2601 radit
1005 2544 1033 2601 in
1047 2553 1145 2601 terram
1160 2545 1278 2615 lacryma
1292 2544 1363 2611 telis,
1391 2542 1452 2612 quia
1467 2541 1708 2599 commendantem

47 2647 153 2700 ntus,
167 2635 211 2704 qui
225 2633 403 2705 quatriduano
425 2633 512 2691 luneri
535 2642 678 2707 antequam
693 2637 869 2694 resuscitandi
920 2635 985 2702 Deo,
999 2635 1167 2692 enitimur:
1184 2634 1299 2690 Poruirri
1317 2634 1443 2705 lacrymer
1457 2648 1526 2687 mcor
1536 2634 1562 2686 iu
1575 2643 1708 2702 correpecm

46 2725 205 2782 virtutem
219 2724 391 2792 ostenderet,
415 2725 496 2782 dendi
518 2727 649 2798 impendit
669 2729 871 2786 infirmitatem?
919 2733 962 2781 tno
978 2726 1064 2798 (Prot.
1079 2726 1175 2796 unii).
1199 2725 1339 2781 Postremo
1360 2724 1484 2794 quoniam
1507 2723 1529 2777 ei
1545 2721 1708 2793 Rogationee

46 2817 85 2871 Ι
97 2833 117 2869 ιι
130 2829 231 2871 ramme
254 2814 344 2885 itaque
364 2816 449 2887 gradu
468 2819 632 2875 conueniunt
655 2820 721 2876 tales
745 2823 871 2892 lacrymae
920 2830 1019 2875 nostrae
1040 2819 1090 2874 rire
1108 2817 1257 2885 solvuntur,
1280 2819 1339 2873 sine
1353 2817 1460 2887 planctu
1476 2824 1611 2886 nequeunt
1625 2829 1708 2884 erpe-

46 2903 265 2975 Bedemptori.
288 2905 399 2961 linitum
419 2921 533 2978 namque
548 2908 604 2963 iilic
621 2909 678 2974 ipre
690 2908 808 2966 dederit.
833 2912 870 2967 ibi
921 2912 983 2977 diri,
1006 2912 1145 2968 seientiam
1168 2907 1310 2980 plangendi
1334 2922 1414 2979 qnam
1437 2913 1531 2976 potero
1552 2904 1708 2960 brevissime

48 2996 150 3052 Aue
163 3007 318 3068 peccatum,
333 2996 369 3053 ibi
385 3000 485 3069 peceati
499 2998 673 3068 stipendium,
688 3009 818 3067 mortem,
832 3001 869 3057 ibi
922 3005 1083 3061 discernam.
1107 3001 1221 3056 Maxima
1246 2999 1340 3069 peritia
1359 3007 1401 3053 est
1415 2996 1460 3052 bic
1472 2994 1590 3065 impendi
1604 2995 1708 3058 fletum,

50 3087 224 3154 hurum,
244 3088 297 3144 boe
311 3098 353 3146 ert
368 3103 452 3161 geone
476 3089 637 3157 humanum,
658 3091 694 3146 ibi
715 3090 868 3148 deinucrum
883 3075 907 3140 C
923 3104 953 3151 ut
966 3094 1055 3149 canori
1069 3091 1240 3162 pensitqnem
1252 3103 1332 3158 supra
1344 3087 1460 3143 diximus
1470 3084 1589 3141 dentium
1603 3093 1708 3152 stupor,

56 3177 330 3246 tauromenum,
351 3177 379 3234 id
401 3190 444 3234 eo
468 3178 756 3251 corrumpuntque
781 3181 816 3237 nn
832 3182 871 3236 ra·
923 3202 1002 3259 qnam
1016 3186 1070 3240 turc
1084 3175 1709 3249 servannonnunnunnnnremusenueritum

60 3281 221 3337 carnosos
233 3269 428 3338 consolatores.
450 3268 476 3325 11
491 3279 533 3326 en
551 3269 764 3325 increduiitatem
779 3285 870 3326 resur·
922 3280 1032 3335 cirrum.
1047 3277 1113 3332 nan
1129 3273 1289 3330 tirrannum
1301 3290 1307 3325 ι
1321 3271 1366 3327 nae
1381 3270 1425 3340 qm
1441 3282 1512 3324 nunc
1529 3267 1628 3331 inueni,
1648 3265 1708 3335 qun

67 3359 224 3425 rectionie3
248 3359 286 3415 ibi
300 3371 423 3431 quartam
444 3361 515 3416 diem
532 3360 640 3416 uenisse
653 3360 797 3416 dciuucto:
811 3377 870 3431 que
924 3368 1051 3439 lugebunt
1073 3365 1242 3434 tiebnntqrrc;
1267 3361 1327 3417 istie
1339 3368 1447 3415 antem
1464 3357 1548 3424 Beati,
1572 3355 1620 3427 qni
1638 3368 1709 3410 nune

70 3451 336 3518 ῦ11110111111111
358 3453 540 3521 Wffllotibut
559 3452 587 3506 i¹¹
606 3466 754 3508 1111111111
778 3453 871 3510 funere
923 3462 1005 3529 lieris,
1029 3459 1090 3531 qnia
1113 3454 1234 3512 ridebitis
1252 3462 1280 3509 et
1292 3451 1452 3522 gaudebitis,
1474 3458 1503 3506 et
1524 3447 1649 3521 gaudium
1664 3460 1709 3502 re·

80 3543 276 3599 conclamaris:
296 3545 381 3614 prima
394 3543 527 3614 cogitandi
542 3544 652 3608 nmium,
663 3544 808 3600 deliniendi
825 3559 869 3602 se·
924 3565 1008 3608 sunm
1023 3562 1102 3605 nemo
1115 3547 1218 3603 tolieta
1233 3543 1320 3600 tobis·

81 3635 184 3705 cunin,
198 3636 368 3707 perpetrandi
385 3637 472 3704 tertia,
488 3647 581 3708 quarta
596 3638 621 3691 in
640 3637 752 3693 crimine
767 3652 870 3708 perma-

91 3790 185 3842 cruuor
197 3780 302 3848 fundit!
322 3777 356 3832 Et
367 3778 422 3843 iile,
446 3789 605 3848 repetentem
620 3796 668 3843 ure,
689 3781 782 3848 inqnit,
796 3798 873 3850 quant
927 3782 989 3853 qnid
1001 3780 1098 3835 simile.
1373 3843 1379 3854 Ι

94 3847 207 3904 irretierit
219 3852 302 3904 omnir
315 3849 426 3903 bernone
439 3850 501 3914 nite,
522 3848 598 3903 audiit
617 3852 708 3903 dorem
727 3852 873 3917 miscrotim
963 3862 974 3890 1
1000 3849 1162 3915 Religiosnm
1187 3845 1332 3913 principem
1353 3842 1395 3895 luc
1418 3849 1506 3906 uocat,
1532 3851 1609 3908 quem
1631 3833 1710 3902 paulo

100 3927 195 3974 numm
208 3936 267 3974 enm
280 3929 317 3973 ter
333 3919 394 3986 rint,
410 3935 483 3973 nemo
496 3920 529 3974 od
539 3925 703 3974 centecimum
717 3936 811 3974 cunum
826 3936 872 3975 an·
925 3930 988 3976 ame
999 3933 1089 3988 regem
1104 3915 1266 3971 mundanum
1287 3912 1477 3990 appellaverat,
1499 3906 1570 3986 quod¹
1582 3919 1647 3959 eane
1659 3902 1709 3955 mi·

99 3990 191 4046 uetuit.
926 4005 984 4044 rum
1014 3987 1095 4041 nidcrn
1122 4001 1174 4039 uon
1199 3983 1296 4047 debet,
1322 3995 1382 4036 cum
1403 3979 1538 4033 Gallienus
1564 3979 1709 4041 imperator

101 4115 107 4124 ‚
128 4055 203 4113 'imo
219 4057 337 4113 noudum
357 4068 518 4130 pugnaverat
530 4057 643 4125 Xerxes,
666 4074 715 4115 uec
731 4060 873 4129 traiecerat
925 4059 1061 4127 ὁσιώτερος
1084 4059 1125 4110 mi
1147 4054 1354 4134 prloirdrrpoc„
1373 4045 1597 4127 religiosissimus.
1609 4041 1709 4120 11111119

102 4130 119 4169 ru
132 4122 275 4196 Europam.
928 4126 1127 4182 amantissimus
1141 4136 1235 4188 magud
1249 4122 1373 4188 Dirrnysro
1383 4115 1563 4172 Alexandrino
1575 4118 1611 4165 rrl
1623 4109 1709 4164 litetur

120 4188 134 4227 Β
149 4194 228 4254 Deest
239 4199 284 4252 bie
297 4199 403 4270 aliquod
418 4198 538 4264 uerbum,
557 4198 624 4254 iorte
642 4200 807 4270 respiciemur
825 4209 871 4253 ant
929 4198 998 4270 apud
1013 4195 1154 4251 Eusebium
1171 4193 1216 4247 lib.
1231 4206 1265 4247 rn
1279 4189 1346 4244 illst
1362 4187 1472 4252 eccles,
1486 4197 1545 4252 cap.
1556 4180 1601 4236 25.

699 4451 783 4497 tutio
803 4451 918 4497 voulut
938 4447 1099 4497 ccccxcvi.

237 4395 840 4781 ‘intuitus
885 4557 1516 4771 DIACONUS

757 4831 808 4906 (er
821 4831 890 4888 uni.
903 4830 1038 4900 cariano.)

671 5060 1123 5138 putubssaomuiiom

144 5215 164 5274 ¹-
178 5227 274 5286 lenonia
288 5231 317 5288 S.
333 5232 365 5287 it.
380 5230 412 5286 E.
428 5233 527 5287 diaconi
541 5230 675 5302 epistolem
689 5232 723 5285 od
738 5230 874 5285 Sertorium
888 5249 914 5310 ῃ
926 5230 1083 5300 imitaremur.
1101 5226 1178 5281 idone
1193 5225 1323 5296 epistolem
1341 5223 1454 5276 crnimnr
1468 5235 1500 5274 ex
1519 5226 1613 5273 uetante
1628 5216 1713 5271 codice

117 5316 181 5376 titum
194 5319 313 5375 iitrrrrem
332 5321 456 5393 ernlqnnit
477 5321 643 5376 Mediiloninr
663 5320 713 5392 (o).
734 5339 743 5373 ι
759 5319 875 5375 illectrir
926 5318 1064 5373 Christiute
1077 5321 1181 5389 repinoe,
1194 5316 1237 5384 qui
1250 5314 1311 5366 elim
1325 5313 1373 5382 [nit
1386 5309 1532 5364 monasterii
1548 5308 1629 5360 rtoatri
1648 5304 1713 5358 Fer·

119 5408 245 5480 abluerit
266 5413 301 5464 cl.
320 5412 400 5465 editor
419 5410 470 5481 (d),
494 5410 607 5482 epistole
627 5413 738 5482 accipter
757 5411 874 5468 Joenner
925 5412 1056 5466 rorieurir.
1071 5408 1103 5463 in
1117 5425 1147 5462 en
1162 5407 1278 5476 qaedam
1297 5413 1432 5458 occurrunt
1452 5400 1621 5454 obseruatione
1635 5396 1713 5463 dipnn

10 5541 14 5551 .
116 5501 229 5564 ditemur·
247 5504 292 5558 red
312 5505 369 5571 quir
382 5504 414 5559 rit
427 5504 471 5559 itte
485 5504 607 5562 Seuerinr
626 5505 660 5559 ed
676 5521 751 5576 quem
768 5505 872 5570 rer-ibit,
926 5503 958 5557 de
970 5502 1085 5554 ministro
1105 5496 1321 5564 conficientium
1342 5493 1373 5546 de
1390 5501 1484 5562 reptem
1506 5489 1640 5552 nitorilur,
1654 5484 1713 5538 rei·

140 5641 169 5714 iri
184 5640 277 5701 iirbiii.
290 5645 356 5702 lior.
370 5644 428 5701 ital.
439 5656 503 5702 torn.
515 5644 539 5708 Ι,
555 5654 622 5715 part.
637 5643 671 5711 t,
687 5658 763 5714 pagg.
777 5641 871 5699 betti.
962 5636 1000 5708 (i)
1015 5635 1051 5691 id.
1068 5634 1132 5689 ibid.
1145 5645 1222 5703 pugg.
1236 5628 1269 5685 'ld
1283 5643 1340 5699 seq.
