3816 6120
140 234 195 298 ‘tis
771 237 800 293 S.
822 234 913 293 altit
934 232 1131 290 tiendum-ts

140 352 309 426 legerequod
324 352 438 412 videtur.
454 352 511 408 lion
525 360 614 408 autem
631 365 679 406 vos
699 364 749 419 pro
764 364 835 406 novo
845 347 929 405 debe·
943 354 967 411 Α
981 358 1070 403 vestra
1081 357 1108 404 ct
1132 347 1318 404 incolumitate
1340 349 1481 416 sollicitis,
1496 349 1559 406 iicet
1573 345 1673 406 Cesum

141 444 176 501 tis
189 443 326 515 accipere,
341 443 404 515 quid
419 442 576 500 tribulandis
598 442 677 500 nobis
704 442 791 498 micat
815 441 929 497 cummi·
983 439 1053 511 quod
1067 439 1174 497 domnis
1187 439 1304 512 exigitis,
1320 440 1423 497 reddite
1439 440 1542 510 pietati.
1613 450 1617 455 ·

141 534 208 592 uisci
230 534 364 592 clericalis
386 534 523 607 nequitia,
546 533 612 590 iuilti
635 532 756 590 subsidio
780 532 932 591 insolentiis
1236 553 1406 612 qusqoffl
1424 555 1520 611 qux·

140 626 286 685 secuimis.
309 624 378 682 Puto
399 641 463 683 sanc
484 624 647 682 districtioni
671 624 861 682 ecclesiasticae
884 625 932 680 dlii
984 665 1016 704 Δ,
1030 665 1109 705 mm
1126 663 1266 705 „mm
1280 664 1405 706 mmm
1425 666 1549 716 mm,
1565 664 1673 708 mm,

140 718 223 773 uestri
233 719 322 788 expeti
333 717 613 789 deberecousensum,
629 727 739 792 propter
749 718 809 776 iilos
818 732 931 790 qnorum
1177 733 1310 787 crstinum,
1320 720 1374 775 bro
1391 736 1590 776 rmsnaronnrr.

140 808 264 868 abusioni
285 811 526 868 consuetudinariae
545 811 639 885 parum
662 811 696 868 de
717 811 933 868 excommunica·
1018 810 1046 866 Si
1066 810 1238 867 devotionem
1263 820 1382 866 nostram
1396 827 1448 883 qna
1470 813 1546 869 robis
1561 814 1655 870 animo

140 899 259 959 tionibus
279 915 374 967 curare
386 903 523 958 decretum
544 913 595 958 est.
611 903 726 959 Litteras
739 916 847 974 quoquc
865 916 931 971 quas
983 916 1055 968 mus,
1069 901 1149 956 etiarn
1163 901 1341 971 corporaliter
1364 904 1521 972 praesentari
1541 904 1611 960 obes
1626 914 1673 961 tem

140 989 174 1047 ad
187 992 372 1071 presbyterum
388 993 694 1064 illicitapraemmeutom
710 1007 762 1049 nun
782 993 871 1050 miuus
889 993 932 1064 pic
984 995 1177 1066 regionumque
1196 1009 1249 1050 non
1272 996 1384 1065 patitur,
1407 995 1478 1067 quod
1494 1005 1584 1052 tamen
1605 995 1673 1055 brus

141 1097 222 1153 quam
236 1083 394 1156 regulariter
408 1085 555 1152 direxistis,
569 1086 674 1158 inspexi
688 1104 694 1139 ι
710 1086 848 1158 inquibus
868 1101 931 1142 vere
984 1088 1069 1154 rotis,
1082 1101 1208 1145 exserere
1223 1094 1358 1144 tentamus
1371 1086 1479 1144 oldciis.
1498 1087 1641 1144 Credimus
1651 1102 1673 1147 st

141 1174 202 1244 plus
211 1189 292 1245 quam
302 1190 417 1246 persona
428 1176 524 1233 meruit
538 1178 674 1247 patientie
686 1177 853 1234 reservastis.
862 1176 931 1242 Qua·
983 1178 1034 1236 ties
1048 1192 1139 1235 coram
1150 1181 1234 1235 sacris
1249 1178 1341 1249 glorie
1357 1189 1453 1235 vestre
1470 1180 1608 1238 obtutibus
1622 1179 1673 1239 tou

141 1275 260 1339 propter,
275 1267 412 1324 licetsatis
423 1267 531 1323 diabolo
546 1269 574 1322 in
585 1277 639 1323 tant
652 1267 773 1324 horribili
784 1265 931 1324 rebellione
982 1269 1673 1345 quotiessohichndinhdebitumstndiopagiuaiaru

141 1358 258 1428 licuerit,
267 1373 314 1417 vus
323 1366 411 1421 tamen
419 1361 477 1416 sine
487 1359 664 1430 ailquaanlmi
674 1358 875 1429 perturbatione
883 1359 930 1415 lici
983 1363 1135 1420 oderimus.
1158 1363 1224 1418 liam
1245 1363 1307 1420 licet
1321 1364 1449 1420 mundum
1464 1365 1546 1422 latere
1559 1374 1673 1437 nequest

140 1463 172 1505 ac
184 1458 301 1506 uestram
312 1449 437 1521 injuriam
448 1450 588 1521 castigate.
599 1448 782 1520 Etneqnidin
794 1459 929 1521 posterum
983 1455 1156 1524 prosperitas,
1180 1461 1208 1508 et
1227 1455 1319 1511 orbcm
1334 1469 1412 1510 suum
1428 1456 1510 1510 radiis
1530 1456 1673 1527 perspicuas

140 1539 235 1605 mutilis
245 1554 326 1605 ausus
335 1540 458 1611 arripiat,
471 1542 590 1612 impensa
601 1539 927 1612 districtioneperspicite·
982 1547 1043 1602 tatis
1058 1549 1185 1616 illustret,
1200 1550 1277 1605 dulce
1300 1559 1388 1606 umen
1411 1561 1464 1616 cst,
1488 1551 1511 1607 si
1536 1550 1661 1623 hirquos

394 1630 561 1695 ssi'iSTOLA
579 1630 683 1687 Livii·
982 1639 1097 1697 lasciuus
1110 1648 1138 1698 et
1149 1640 1290 1713 peculiaris
1302 1642 1395 1713 gratim
1411 1642 1510 1713 pietate
1534 1641 1673 1699 sustollitis

162 1736 256 1787 milis
273 1736 426 1781 minumus
445 1737 585 1780 errscords
604 1731 618 1761 ⁸
637 1738 725 1781 boddo
743 1734 906 1781 siuisrtitrtoo.
947 1721 1150 1792 Binexipemig
1164 1744 1296 1791 terrarum
1310 1734 1431 1804 partibus
1448 1735 1517 1790 aula
1540 1734 1665 1806 poliuti.

57 1879 63 1889 ,
174 1814 928 1890 liumaliisanctisacserenispraesentioerestraeequ-
982 1825 1411 1882 pemqogqvgnpfggqqpomqnq
1433 1825 1551 1882 „gmgnqg
1567 1824 1673 1899 μήκη

139 1907 238 1973 ianlur,
250 1919 300 1986 ego
314 1904 484 1969 sterilitatem
498 1902 627 1962 desiderii
642 1903 694 1960 mei
710 1912 833 1958 sustento
845 1901 929 1971 magis
980 1916 1080 1982 (mags,
1105 1916 1258 1986 spgcngpef
1273 1916 1368 1987 gaudia
1383 1927 1481 1973 ,em
1502 1914 1673 1988 perennium

138 1995 265 2078 ilui’efi‘
277 1994 359 2059 ΟΜ
374 1995 505 2054 ‘elium
526 2010 607 2069 quam
632 1997 748 2052 illim·
775 1993 851 2052 Uim
869 2003 930 2065 9⁰³¹
981 2016 1125 2077 scarrtqne
1138 2007 1302 2080 generaliter
1316 2009 1421 2064 cunctis
1432 2007 1502 2064 lama
1521 2006 1673 2065 concelebn

137 2086 323 2159 testivitatem,
337 2086 441 2145 cunctis
453 2087 561 2159 quidem
582 2101 689 2157 semper
709 2085 869 2152 amabilem,
881 2084 928 2140 scd
982 2113 1026 2157 „gg
1037 2102 1135 2173 quippe
1148 2101 1252 2172 imperii
1265 2101 1346 2158 ,emp
1366 2100 1571 2171 gmppqngqngm
1593 2099 1673 2173 qmp

138 2191 210 2235 nuno
222 2176 446 2246 cabilonensibus
459 2178 636 2249 singularem,
654 2176 762 2231 lamule
772 2174 930 2232 sollicitudi·
981 2193 1173 2265 ,quoewmm’
1188 2203 1216 2250 ει
1230 2193 1405 2250 diffusqmoem
1420 2192 1576 2262 ,oppugna
1590 2198 1673 2249 mg„

139 2270 181 2327 ¹¹¹³
194 2270 301 2331 filimi
313 2269 457 2327 dssffliffl·
472 2268 539 2335 0⁰¹⁰
553 2270 575 2324 ⁸¹
597 2269 856 2338 i¹¹²¹¹¹⁰¹l¹¹¹⁰¹¹¹¹i¹⁸0
869 2281 930 2336 im·
981 2285 1016 2341 rit
1029 2285 1100 2357 quod
1116 2286 1246 2341 remotius
1261 2285 1443 2360 possidemur.
1464 2283 1543 2340 Unde
1561 2282 1673 2355 suscipit

139 2363 247 2427 trentam
260 2363 369 2430 laudum
384 2370 536 2419 Vistilium
551 2362 702 2418 niteremur
722 2360 866 2430 samogam,
880 2375 930 2415 ¹¹³⁰
981 2375 1038 2448 pitil
1052 2391 1113 2431 cum
1127 2375 1257 2447 obsequio
1271 2375 1439 2443 portitorem.
1455 2375 1489 2433 Et
1503 2388 1673 2446 quanquam

139 2453 191 2511 ¹¹⁰⁰
213 2453 504 2527 (illidimllfssiiesslei
524 2451 698 2520 θῐθθῑθῐθῦῑ,
728 2453 798 2521 l1¹⁰d
824 2465 871 2507 0⁸⁸
888 2451 928 2505 lei
980 2463 1018 2517 sis
1034 2461 1222 2529 expetentibus
1234 2460 1267 2515 ad
1281 2459 1391 2514 honoris
1404 2459 1508 2530 apicem
1528 2458 1665 2528 suldciat,

138 2543 285 2600 humilitati
296 2558 364 2601 meae
378 2544 439 2600 licet
453 2543 603 2616 porrigere,
617 2542 660 2599 rel
673 2541 820 2613 dignationi
834 2550 929 2598 vestrm
983 2563 1121 2609 merentur
1143 2552 1280 2622 aspicere;
1305 2559 1332 2607 ei
1361 2564 1411 2606 nes
1434 2559 1523 2606 tamen
1548 2550 1673 2619 insinuem

139 2649 247 2692 illinere
268 2634 344 2692 libel.
366 2634 521 2706 conjiciens
546 2648 610 2706 eigil
624 2634 658 2690 de
682 2640 816 2689 laniorum
839 2633 930 2688 iffiiiiiii
981 2644 1200 2715 ppaegumpgimug
1212 2642 1411 2698 commendam,
1422 2641 1541 2709 Quorum
1552 2641 1673 2699 eiiam&

139 2729 324 2800 multipliciter
335 2743 385 2784 vos
400 2728 456 2785 lieo
471 2729 586 2799 propilio
610 2728 700 2795 imtos,
714 2736 777 2799 pcto
792 2726 930 2798 paschales
980 2734 1205 2804 familiariumque
1218 2748 1359 2803 personas,
1370 2734 1421 2789 hoc
1436 2732 1634 2789 intercurrcndi
1645 2746 1673 2792 cc

140 2819 219 2879 nobis
233 2820 291 2876 diet
305 2819 377 2878 ielici
388 2820 475 2877 reditu
489 2819 592 2877 iaciatis
604 2836 611 2875 s
623 2818 686 2889 quia
696 2834 757 2876 cum
770 2819 797 2875 in
809 2819 931 2876 absentia
980 2827 1024 2883 cip
1036 2826 1113 2884 nobis
1126 2840 1232 2897 qnoque
1254 2826 1360 2896 proiore
1381 2824 1543 2896 judicantes,
1566 2824 1673 2885 desides

141 2920 230 2977 rosus
243 2912 364 2984 quadan
378 2912 457 2970 nobit
470 2910 688 2984 Quadraresimae
699 2910 825 2983 perdurat
838 2919 930 2968 amre·
982 2918 1090 2976 sitiente
1106 2915 1268 2988 compendio
1288 2917 1315 2971 in
1331 2915 1374 2973 ins
1389 2930 1456 2987 qnos
1469 2915 1635 2971 destinamur
1658 2928 1673 2971 o

139 3006 217 3078 ritas,
232 3005 358 3063 omnibus
366 3005 506 3064 catholicis
516 3004 665 3078 principem
676 3004 870 3073 Christianum,
885 3018 932 3074 pe·
982 3024 1052 3065 mus.
1067 3008 1132 3065 illud
1148 3007 1327 3077 superomnia
1340 3006 1526 3076 deprecantes,
1538 3015 1567 3061 ut
1579 3004 1673 3075 quiad

139 3097 234 3162 culiari
244 3099 350 3154 servule
363 3097 513 3169 piissimum
527 3096 667 3165 domuum,
681 3097 761 3153 ctiam
774 3110 822 3166 per
833 3094 931 3151 selem-
945 3082 968 3146 C
983 3099 1149 3157 celsitudinis
1164 3107 1258 3155 restrae
1269 3096 1391 3153 oblivisci
1402 3112 1454 3152 non
1468 3106 1556 3166 potcst
1569 3094 1673 3154 beneda

140 3190 252 3246 nitatem
263 3188 365 3247 vidisse
374 3188 495 3245 solemne
506 3197 559 3245 est.
983 3208 1031 3263 pro
1042 3191 1188 3263 gratiarum
1201 3189 1308 3245 actione
1322 3203 1373 3266 qua
1387 3186 1533 3257 inungimur,
1560 3200 1640 3254 quam
1657 3200 1673 3259 p

389 3280 556 3338 EPISTOLA
575 3278 690 3335 Uilli·
982 3283 1147 3344 serenissimi
1162 3282 1217 3339 oris
1232 3297 1360 3351 responsa
1377 3293 1538 3335 mereamur.

176 3389 271 3442 sursus
290 3388 442 3438 rrsmmsrs
464 3386 602 3428 eruscosus
619 3385 707 3427 nouno
725 3383 891 3427 sicrsrmrroo.
1245 3370 1411 3428 nemroth
1432 3370 1514 3426 Lxx.

177 3463 379 3523 Celeberrimos
402 3463 552 3528 vobiscum,
574 3460 714 3517 diuinitate
728 3460 862 3530 propitii,
885 3472 932 3513 i0·
1017 3480 1112 3522 turus
1126 3479 1278 3521 rusurensis
1289 3477 1428 3520 spiscopus
1443 3473 1455 3502 ⁰
1471 3477 1557 3519 rouro
1571 3472 1673 3518 srotssm

141 3554 257 3622 bimum,
271 3553 391 3623 inquam,
406 3566 461 3609 aon
484 3552 553 3618 roco,
577 3550 626 3607 red
647 3551 754 3614 anino,
776 3548 930 3619 pauperculi
1018 3557 1165 3613 sensenna
1187 3555 1279 3611 donni
1307 3556 1391 3627 patris
1415 3552 1506 3625 gioria
1533 3561 1632 3608 reue
1660 3552 1673 3609 h

141 3652 310 3720 Viennenses
320 3648 401 3704 vestri
416 3646 541 3718 paschale
552 3646 688 3702 lustinum.
703 3645 732 3702 Si
747 3652 835 3700 autern
851 3645 933 3698 inter·
983 3651 1160 3717 occupatione
1175 3646 1300 3703 detentus
1319 3646 1489 3716 aliquatenus
1502 3644 1663 3715 portitorem

141 3745 242 3821 rogetis
255 3752 283 3800 et
302 3743 417 3814 qualiter
431 3759 437 3797 :
450 3741 512 3813 quia
536 3740 654 3796 vicinum
668 3753 849 3811 quemquam,
870 3737 931 3808 quia
983 3739 1124 3805 ordinavi,
1153 3752 1203 3808 per
1229 3753 1309 3809 quem
1335 3751 1453 3793 annuum
1478 3737 1511 3792 de
1535 3735 1620 3792 sancti
1641 3732 1673 3791 vl

141 3839 238 3901 adesse
247 3836 352 3893 iacilius
363 3843 477 3906 poterat,
492 3833 552 3906 pius
566 3833 657 3889 doleat
680 3830 809 3893 doluisse.
824 3829 879 3886 Nec
892 3839 933 3884 ta·
984 3828 1156 3888 solemnitate
1170 3827 1309 3884 servitium
1323 3825 1568 3883 consuetudinarie
1586 3823 1673 3881 sollici

142 3945 224 3998 men,
247 3944 308 3987 cum
331 3928 382 3984 ista
396 3926 537 3993 dehemus,
551 3923 707 3997 discrepare
728 3937 778 3980 nos
803 3937 820 3979 a
842 3930 932 3978 restra
983 3934 1048 3977 cora
1069 3918 1277 3988 dependerem:
1302 3925 1329 3973 et
1348 3916 1418 3972 inter
1431 3915 1552 3971 actiones
1570 3913 1669 3986 quibus

142 4024 279 4088 voluntate
300 4020 406 4078 dicatis.
421 4018 481 4076 iam
497 4017 597 4075 dudum
612 4016 647 4074 ab
659 4016 721 4082 ilio,
735 4023 827 4072 sancte
845 4015 933 4070 credi·
985 4028 1034 4084 pro
1057 4012 1145 4067 salute
1166 4018 1257 4066 nostra
1281 4009 1358 4064 labor
1371 4006 1512 4078 inuigilat,
1538 4005 1648 4062 debitus
1671 4024 1673 4059 r

142 4131 213 4182 mus,
228 4114 340 4180 adortus
350 4112 406 4169 iilic
419 4109 538 4179 cohibet,
550 4124 606 4166 non
617 4108 680 4166 binc
687 4106 830 4178 despectus
842 4104 934 4161 exciu·
985 4106 1091 4180 animus
1113 4104 1215 4160 cultum
1241 4100 1344 4156 meritae
1361 4099 1511 4156 devotionis
1530 4095 1650 4152 offerret.
1670 4101 1673 4148 l

142 4205 192 4272 dit,
205 4204 289 4262 Unam
308 4204 460 4274 inutraque
480 4202 590 4259 ciuitate
614 4209 702 4257 restra
717 4198 857 4256 ecclesiam
873 4210 934 4266 per·
985 4210 1051 4268 ergo
1072 4195 1106 4251 ad
1128 4192 1340 4251 consolationem
1366 4190 1491 4247 desiderii
1516 4188 1586 4257 mei,
1610 4188 1635 4244 si
1655 4201 1674 4243 ο

142 4296 206 4351 inde
224 4294 351 4364 diligitis;
371 4293 419 4350 sed
442 4293 488 4364 pio
503 4293 591 4362 patri,
611 4291 639 4346 ln
662 4298 790 4360 qnantum
814 4287 932 4357 expedit,
987 4298 1107 4345 nostrum
1130 4285 1231 4340 sanitas
1253 4284 1279 4338 in
1302 4290 1392 4338 restra
1415 4289 1475 4352 post
1493 4280 1577 4336 ileum
1598 4290 1673 4349 prosp

142 4386 229 4441 donee
242 4399 291 4440 uos
307 4384 341 4439 ad
356 4382 503 4454 quamlibet
516 4382 592 4452 sequi
607 4383 768 4447 consentiat,
779 4379 932 4435 adhaeretis.
986 4373 1261 4435 consistit.Cmterum
1273 4387 1327 4427 non
1337 4369 1571 4443 absquescrupuio
1581 4376 1672 4437 potest

143 4475 220 4533 Undc
233 4475 302 4531 sicut
314 4476 420 4546 jussum
433 4481 484 4540 est,
496 4474 611 4542 primum
628 4473 683 4528 ileo
706 4474 740 4529 de
751 4471 931 4537 solemnitate,
947 4451 973 4511 Ι)
986 4465 1085 4541 quodd
1100 4467 1135 4522 de
1154 4463 1287 4535 Sapaudia
1303 4463 1443 4519 itineribus
1456 4459 1596 4532 exquisitis
1609 4458 1673 4517 vide

143 4578 199 4631 tum
213 4566 284 4638 qnod
299 4565 412 4622 debetur
430 4563 560 4653 soluimus
578 4562 688 4618 Caesari.
706 4563 759 4618 lios
784 4562 819 4617 de
840 4559 933 4616 laetitia
986 4558 1148 4629 provinciam
1166 4554 1307 4627 praeteriri.

179 4825 194 4855 ⁸
204 4812 310 4884 Scripta
323 4821 435 4883 utraque
454 4817 514 4878 post
527 4810 586 4862 dies
601 4805 738 4874 paschales
751 4819 803 4858 non
816 4819 870 4858 uno
885 4810 930 4857 ta·
982 4819 1032 4874 que
1044 4813 1196 4869 uestrorum,
1209 4801 1364 4872 dignitatum
1373 4799 1455 4853 titulis
1469 4799 1615 4867 applicetis.

144 4901 205 4940 rnen
215 4899 296 4941 antro.
308 4882 394 4948 Prior,
405 4895 467 4938 cum
479 4877 665 4948 sigismundus
675 4874 846 4930 festivitatem
858 4875 931 4928 iliam
1022 4872 1201 4929 ecabilonem
1226 4872 1409 4952 irequentasse
1435 4869 1638 4937 sigismundum
1660 4883 1673 4927 s

143 4955 264 5011 Cabiloni
276 4953 467 5024 transegisset;
482 4953 626 5020 posterior,
641 4960 701 5000 cum
723 4944 845 5012 Lugduni
858 4960 932 4999 eam·
983 4944 1051 4999 stola
1068 4943 1101 4999 iii
1119 4943 1247 5012 colligere
1264 4940 1349 4996 lacuit.
1366 4939 1438 4996 idern
1450 4955 1521 4993 nrtnc
1533 4940 1673 4996 corriirmat

144 5028 204 5083 dom
218 5023 383 5081 Gundohadn
397 5021 466 5092 patri
479 5017 619 5073 adherens
629 5017 804 5071 celebrasset.
984 5015 1141 5070 solemnitas
1153 5013 1185 5070 S.
1203 5011 1335 5068 vincentii
1351 5012 1490 5080 martyris.
1506 5024 1585 5075 quern
1596 5023 1672 5078 prmc

180 5093 380 5151 ¹’hnastasium
398 5109 404 5145 :
421 5092 456 5147 ab
466 5091 544 5145 Auito
567 5086 730 5157 sigismundi
752 5085 861 5140 nourrine
876 5093 933 5139 tum
984 5086 1058 5140 cuitu
1074 5084 1230 5150 ethonore,
1247 5091 1276 5136 ut
1290 5091 1440 5151 patronum,
1460 5079 1558 5133 habent
1570 5078 1673 5135 dabttn

144 5166 263 5236 scripta,
276 5178 337 5220 cum
349 5159 535 5232 Sigismuudus
555 5157 637 5212 olllcii
659 5170 739 5212 causa
754 5156 855 5227 legatos
870 5170 931 5210 curn
986 5156 1039 5213 Sed
1065 5163 1093 5208 et
1118 5154 1262 5209 concilium
1289 5150 1466 5207 cabilonense
1491 5148 1574 5216 qrrrrd,
1587 5147 1673 5205 Ciodu

145 5235 242 5292 litteris
255 5234 374 5290 mitteret
391 5232 425 5287 ad
444 5231 644 5300 imperatorem.
659 5225 736 5293 Quod
755 5240 818 5281 uero
830 5224 931 5280 militie
985 5234 1124 5289 regnante,
1139 5232 1313 5279 convocatum
1341 5231 1398 5283 cst,
1418 5223 1443 5274 in
1458 5220 1573 5276 ccclesia
1595 5218 1626 5276 S.
1644 5220 1673 5277 il

145 5304 273 5374 iascibus,
295 5304 417 5372 aulaque
436 5297 623 5362 contubernio,
647 5304 675 5352 et
688 5296 800 5351 nonam
816 5295 932 5351 nominis
982 5296 1147 5352 celebratum
1162 5294 1257 5366 syrrodi
1268 5291 1347 5346 docet
1363 5290 1496 5359 prmlatin.

145 5374 351 5445 participatione
360 5381 483 5428 ornatum
496 5384 526 5425 se
539 5368 648 5435 scribit,
668 5366 821 5421 comitivam
836 5365 931 5434 opinor
1015 5362 1099 5419 dhon
1123 5365 1193 5435 quod
1209 5365 1236 5418 in
1254 5362 1418 5431 provinciam
1438 5360 1475 5414 de
1494 5358 1631 5427 Sapaudia
1653 5374 1673 5432 p

146 5447 289 5503 militarem
303 5451 332 5499 et
345 5442 513 5513 patriciatum
527 5438 659 5508 designat,
674 5436 814 5506 dequibus
826 5435 929 5490 dictum
980 5436 1102 5490 centibus
1118 5443 1220 5490 rectum
1236 5433 1288 5488 iter
1311 5433 1346 5487 sit
1359 5447 1408 5500 per
1422 5431 1563 5494 lieirnam,
1577 5429 1628 5486 sed
1644 5445 1673 5499 qr

146 5514 331 5585 estsuperius.
347 5514 406 5592 Quo
421 5511 484 5566 item
500 5509 621 5565 alludens
636 5508 749 5576 epistola
769 5508 804 5562 83
819 5503 932 5581 :donji-
981 5520 1105 5586 magnum
1116 5501 1322 5569 cstdmortium,
1335 5502 1425 5557 studio
1436 5503 1601 5570 prmtcritam
1615 5500 1673 5561 vids

147 5589 197 5640 cite
206 5599 286 5647 nuirc,
295 5582 531 5651 inquamnondum
543 5576 653 5630 debcant
665 5590 730 5642 quos
741 5568 886 5626 lrotrortdtts
899 5568 941 5636 iu-
981 5584 1109 5645 quur-rtur.

147 5646 941 5740 erigetis,quossoricstriumphorumorrruiumsuccessuum·
