3816 6120
147 225 188 287 es

146 347 257 399 ttamen
272 336 389 392 auctoris
405 334 480 403 vitio,
495 333 539 406 qni
555 333 644 391 debita
656 333 723 391 lethi

145 432 260 496 lustituit,
276 429 440 498 morbosque
453 429 552 483 suisne
568 426 660 482 funera
672 426 756 492 misit,

146 524 204 580 lirit
215 520 320 592 pcccati
332 519 490 574 moribunda
507 518 534 573 in
549 534 631 573 earne
643 519 764 574 cicatrix.

171 615 225 669 lam
242 612 324 667 Pater
337 613 508 679 omnipotens
522 608 646 664 librantis
662 610 783 679 pondere
799 609 873 664 verbi

146 707 257 772 Undique
272 703 393 758 collectis
408 703 576 757 discreverat
591 702 666 756 arida
681 702 808 772 lymphis,

146 797 281 852 littoribus
298 801 409 864 pontum
424 795 621 863 constringens,
638 795 749 848 hunrina
765 793 848 859 ripris:

146 890 190 943 lam
207 887 330 957 proprias
345 884 456 954 pulchro
471 885 639 940 monstrabat
654 885 756 940 lumine
771 884 881 951 loruras,

145 985 253 1036 dbscuro
268 981 380 1035 sedente
394 978 448 1045 die,
464 980 593 1049 varioque
607 980 700 1035 colore

145 1068 251 1123 lhrrima
269 1068 427 1123 distinctum
444 1068 569 1138 pingebat
580 1070 664 1140 gratia
681 1071 822 1125 mundum.

144 1161 313 1231 Temporibus
327 1163 421 1216 sortita
437 1160 509 1216 vices
522 1171 577 1216 tum
592 1161 691 1216 lumina
707 1162 777 1217 coelo

143 1255 245 1310 fulsere
256 1256 364 1309 alterno
378 1254 444 1309 solis
455 1254 580 1323 lunaeque
596 1267 696 1309 meatu.

142 1348 198 1415 Quin
213 1357 242 1401 et
255 1347 378 1401 sidereus
391 1354 524 1400 nocturno
539 1353 662 1416 tempore
677 1347 780 1402 candor

141 1441 278 1508 Temperat
292 1438 434 1494 horrentes
449 1448 582 1493 astrorum
600 1440 659 1495 luce
674 1442 798 1497 tenebras

138 1538 256 1588 lctuturn
269 1532 347 1586 suari
362 1530 511 1600 producens
526 1532 616 1584 omitia
628 1531 698 1599 letu,

137 1625 244 1680 Pulchra
258 1623 405 1693 repentino
415 1625 510 1678 restita
522 1633 564 1678 est
577 1625 698 1694 grarrrine
714 1626 802 1681 tellus.

136 1719 270 1786 decepere
283 1730 369 1787 genus
381 1716 440 1771 sine
450 1717 571 1785 germine
582 1716 655 1786 jussa
667 1721 766 1784 creari,

136 1809 267 1864 Etseaten
283 1806 413 1871 voluisse,
425 1807 482 1861 tait.
498 1808 541 1861 Sic
550 1807 631 1862 ubere
643 1809 717 1863 verbi

135 1899 319 1955 Frondescunt
333 1898 424 1963 silrre3
441 1899 541 1953 teneris
555 1897 690 1954 radicibus
705 1901 786 1956 arbor

135 1992 241 2047 durarit
258 1999 353 2045 vastos
365 2004 448 2060 pareo
461 1990 510 2046 sub
525 1999 645 2060 tempore
660 2008 760 2047 raritas.

162 2084 295 2140 Protinus
310 2084 433 2138 inrarias
447 2082 572 2137 animalia
586 2084 669 2138 multa
687 2084 785 2153 figuras

135 2176 262 2247 Surgunt,
278 2184 306 2229 ct
319 2188 432 2229 vacuum
447 2173 601 2229 discurrunt
615 2174 692 2229 brata
705 2175 871 2244 perorbcnr;

134 2266 213 2321 litatae
224 2267 252 2319 in
265 2264 350 2319 altum
365 2265 499 2331 volucres,
516 2271 589 2317 motu
601 2278 644 2331 pre
658 2264 740 2318 citato

135 2355 283 2412 Pendentes
297 2368 409 2409 secuere
424 2353 492 2418 rias,
504 2353 567 2407 etin
582 2367 646 2409 aete
661 2355 729 2408 sudo

134 2446 296 2518 Praepetibus
309 2445 389 2501 librat
400 2445 580 2501 membrorum
598 2446 716 2516 pondere
733 2452 839 2516 pennis.

135 2538 192 2593 laist
206 2538 290 2592 etiam
303 2536 387 2592 clausi
401 2546 477 2592 rasto
489 2536 539 2591 sub
549 2537 655 2607 gurgite
667 2538 754 2608 pisces

136 2630 277 2700 hcspirant
293 2629 420 2700 lymphis,
436 2629 569 2700 flatusque
582 2630 631 2685 sub
643 2646 751 2698 acrpuorc
766 2631 876 2686 ducant.

137 2722 248 2793 hucque
263 2731 363 2791 negant
378 2721 465 2791 nobis,
478 2721 530 2777 illis
545 2723 611 2777 adut
626 2723 734 2778 humida
748 2725 839 2780 tritam.

138 2813 184 2869 hec
198 2816 290 2869 minus
299 2815 326 2868 in
343 2815 436 2884 pelago
448 2814 578 2871 ririscunt
590 2817 699 2887 grandia
711 2826 780 2887 cete,

139 2905 325 2976 decipiuntque
341 2907 414 2960 caris
428 2906 579 2962 habitacula
592 2908 671 2979 digna
683 2910 792 2965 latebris
808 2929 813 2964 :

140 2995 165 3050 h
176 3013 234 3068 quae
251 3006 371 3051 rrrortstra
386 2997 455 3053 solet
470 3014 546 3052 rarus
562 3014 632 3055 nunc
649 3001 763 3068 prodere
775 3013 884 3072 pontus,

140 3093 209 3158 lpcat
223 3091 257 3145 ad
275 3090 404 3146 informes
416 3091 536 3147 condens
551 3092 659 3149 solertia
675 3095 785 3149 larinas.

140 3181 258 3251 Quodque
273 3180 412 3236 haminum
426 3182 492 3238 ialso
507 3183 593 3238 credit
608 3199 685 3240 mens
701 3187 791 3240 nescia
810 3187 921 3254 loednra,

136 3272 183 3329 l‘er
196 3274 331 3344 propriam
347 3274 465 3343 speciem
477 3285 570 3329 tratrrra
582 3276 672 3344 judice
684 3276 825 3344 pulchrum
842 3287 895 3332 cst.

168 3367 235 3437 Ergo
251 3367 295 3421 ubi
308 3366 450 3436 complens
465 3366 597 3420 tatsoraur
611 3367 700 3420 omnia
716 3368 806 3434 nubae,

133 3457 284 3530 limatoque
298 3474 348 3514 suo
365 3458 499 3527 perlectus
513 3459 634 3513 constitit
647 3459 733 3524 oriris,

133 3544 198 3603 Tum
212 3550 290 3605 Pater
305 3550 478 3619 orriratpoterrs
494 3559 595 3605 aeterno
608 3551 709 3606 lumine
725 3554 813 3608 lartum

131 3636 248 3697 Contulit
262 3642 295 3697 ad
309 3651 395 3697 terras
409 3642 516 3696 sublimi
531 3659 564 3698 ex
579 3644 681 3699 aethere
696 3645 812 3714 rultrrur,

130 3730 269 3789 illustrans
279 3735 458 3804 quodcunque
472 3734 543 3789 ridet
557 3753 563 3786 :
582 3737 669 3803 placet
680 3738 736 3808 ipsa
751 3738 836 3792 tucuti

129 3825 232 3880 Artilici
245 3826 345 3882 lactura
357 3841 416 3893 suo,
431 3824 576 3896 laudatque
590 3826 703 3882 Creator

130 3913 294 3985 Dispositum
307 3918 421 3988 pulchro
433 3933 512 3988 quem
529 3919 649 3974 condidit
671 3919 767 3976 ordine
782 3920 920 3975 mundum.

130 4005 201 4064 Turn
212 4010 317 4065 demum
331 4010 375 4064 tali
387 4011 517 4080 sapientia
531 4025 597 4068 voce
610 4013 696 4067 locuta
713 4023 754 4068 cst
767 4030 774 4067 :

133 4096 180 4152 En
190 4103 311 4169 preclara
328 4102 395 4157 uitet
409 4103 544 4157 mundano
558 4105 681 4158 machina
695 4105 783 4170 cultu;

132 4185 175 4242 Et
185 4201 263 4248 tamen
276 4195 415 4262 impletum
431 4194 557 4263 perlectis
568 4195 693 4250 omnibus
703 4211 728 4250 or
737 4197 796 4251 beru

137 4279 201 4344 Quid
210 4285 279 4351 jurat
292 4284 407 4340 ulterius
422 4285 496 4341 utillo
508 4286 612 4341 cultore
629 4287 731 4342 teneri?

139 4366 192 4424 Sel
201 4389 230 4428 ne
243 4373 320 4444 longa
335 4389 429 4429 norant
442 4379 602 4432 cotttristent
616 4377 669 4430 otia
687 4387 797 4438 terram,

784 223 974 283 ruettsruh
996 228 1095 285 lebll
1116 232 1134 286 Ι.

1729 245 1781 302 3ὲὸ

946 339 973 399 Λ
987 339 1109 407 Accipiat
1119 350 1209 399 rectos
1223 343 1249 398 in
1263 348 1363 401 coelunr
1379 348 1475 405 tollere
1490 350 1610 408 vultuse

985 430 1126 487 Fautorem
1141 444 1244 504 quaerat
1258 439 1406 508 propriam,
1419 442 1463 497 cui
1479 454 1570 500 mente
1585 443 1656 499 lideli

984 522 1124 592 lmperrdat
1139 525 1265 583 lamulam
1278 529 1401 600 longara
1416 533 1443 588 in
1458 544 1579 605 tempore
1595 537 1689 592 ritem.

1020 613 1083 669 ttae
1097 616 1143 682 ait,
1160 625 1187 670 ct
1198 617 1317 688 fragilem
1331 622 1455 692 dignatus
1471 634 1704 701 tangereterraru,

984 703 1128 776 Temperat
1139 709 1293 765 humentem
1309 728 1456 785 consperso
1470 717 1497 772 io
1513 720 1623 787 pulnere
1638 722 1743 788 liuram,

984 797 1149 868 lloliturque
1163 816 1261 856 norum
1273 803 1349 859 dives
1364 808 1495 875 sapientia
1506 824 1614 878 corpus.

983 888 1042 944 Non
1054 890 1134 946 aliter
1147 908 1228 962 quatu
1240 909 1310 949 nutrc
1324 896 1413 966 opiter
1428 901 1471 953 cni
1483 901 1548 954 artis
1565 902 1591 955 in
1606 918 1654 956 usu
1675 912 1716 957 est

985 979 1109 1035 Flectere
1130 982 1232 1038 lanatas
1246 1000 1294 1053 per
1313 997 1409 1041 cuncta
1427 991 1553 1058 sequacia
1568 1007 1656 1056 ceras,

984 1068 1018 1123 Et
1031 1072 1118 1127 vultus
1130 1073 1243 1143 implere
1258 1092 1349 1145 mauu,
1367 1095 1415 1133 seu
1430 1094 1544 1150 corpora
1560 1098 1646 1153 gypso

983 1161 1110 1234 Fingere,
1127 1167 1167 1220 rel
1181 1169 1256 1237 segni
1269 1170 1386 1239 speciem
1399 1185 1562 1242 componere
1578 1190 1677 1229 terassa.

983 1255 1029 1309 Sic
1046 1255 1127 1311 Pater
1143 1260 1312 1327 omnipotens
1322 1262 1454 1318 victurum
1467 1267 1588 1334 protinus
1604 1282 1698 1322 arrum

982 1346 1101 1413 Tractat,
1116 1355 1143 1402 ct
1159 1348 1184 1402 in
1199 1349 1272 1404 lento
1288 1350 1432 1407 meditatur
1443 1353 1546 1409 viscera
1561 1371 1649 1411 coeno.

983 1437 1050 1493 llinc
1065 1453 1156 1494 arcem
1171 1440 1267 1509 capitis
1280 1442 1389 1497 sublimi
1400 1444 1426 1497 in
1438 1446 1541 1500 rertice
1555 1451 1654 1515 signat,
1742 1485 1746 1491 -

922 1517 927 1529 ’
983 1531 1146 1600 septiforem
1162 1533 1265 1587 ruitum
1280 1535 1393 1589 rationis
1412 1536 1536 1591 sensibus
1552 1546 1658 1606 aptans,

981 1621 1098 1689 Ollactu,
1114 1623 1217 1690 audito,
1233 1625 1303 1690 risu,
1319 1634 1451 1695 gustuque
1466 1636 1613 1695 potentem.

944 1699 968 1759 Β
982 1715 1079 1769 Tactus
1091 1717 1143 1769 erit
1153 1717 1237 1782 solus,
1251 1727 1307 1772 toto
1322 1719 1367 1787 qui
1388 1733 1502 1789 corpore
1514 1720 1595 1789 judex

980 1808 1094 1873 Sentiat,
1116 1817 1143 1861 ct
1157 1809 1294 1878 proprium
1316 1821 1425 1881 spargat
1440 1827 1488 1880 per
1504 1813 1625 1867 membra
1643 1814 1771 1884 rigorem.

980 1898 1091 1952 Flerilis
1103 1910 1221 1954 arctatur
1235 1915 1331 1955 recavo
1347 1901 1387 1956 sic
1403 1902 1492 1972 lingua
1505 1905 1607 1972 palato,
1787 1899 1790 1906 ’

981 1990 1094 2044 rra-saus
1107 2001 1135 2044 ut
1150 1992 1176 2044 iu
1188 2006 1293 2046 camera
1308 1992 1439 2060 pulsantis
1453 1995 1566 2048 rerbcre
1578 1995 1673 2065 plectri

980 2083 1114 2138 Percussa
1129 2093 1237 2138 resonet
1257 2083 1411 2138 modulatus
1430 2084 1455 2138 in
1469 2100 1533 2139 aere
1549 2098 1650 2140 sermo.

980 2175 1046 2229 lirin
1062 2175 1220 2229 succiduum
1236 2185 1361 2244 porrecto
1373 2176 1399 2229 in
1411 2189 1525 2244 corpore
1539 2185 1631 2243 pectus

979 2266 1088 2336 Spargit
1099 2280 1221 2320 ramosas
1235 2276 1295 2335 post
1310 2265 1421 2321 brachia
1436 2266 1516 2321 lortia
1530 2267 1641 2335 palmas.

979 2357 1104 2413 Succedit
1118 2356 1258 2411 stomacho
1272 2357 1389 2423 medius,
1401 2357 1446 2426 qui
1461 2359 1579 2426 tegmine
1593 2356 1666 2412 molli

979 2452 1050 2506 lntcr
1065 2462 1208 2522 utrumque
1224 2452 1294 2506 latus
1308 2451 1397 2506 loreat
1411 2450 1513 2515 vitalia,
1530 2461 1634 2506 rcutcr.

980 2544 1119 2598 biriduam
1134 2552 1235 2614 partem
1251 2544 1339 2600 lemur
1354 2544 1463 2614 excipit,
1479 2545 1566 2614 aptius
1581 2554 1611 2598 ut
1626 2558 1673 2621 se·

977 2635 1104 2691 Alternus
1118 2645 1223 2692 moreat
1236 2637 1374 2705 duplicato
1390 2638 1490 2706 poplite
1504 2652 1625 2706 gressus·

978 2729 1012 2783 tlt
1028 2737 1104 2799 parte
1118 2745 1151 2783 ex
1168 2731 1232 2794 alta,
1245 2729 1321 2796 lingit
1334 2743 1413 2798 quam
1429 2728 1552 2805 conditor
1566 2743 1645 2793 nnus,

977 2821 1090 2887 llccipiti
1105 2820 1237 2874 submissa
1251 2835 1300 2874 suo
1314 2819 1481 2873 descendere
1494 2817 1586 2873 cervix

978 2911 1082 2980 incipit,
1101 2920 1128 2965 ct
1142 2920 1233 2965 rastos
1246 2910 1419 2979 compagibus
1433 2909 1533 2963 addere
1548 2921 1658 2963 nervos.

977 3004 1060 3073 Spina
1075 3003 1165 3069 rigens
1179 3001 1282 3056 crebris
1296 3003 1365 3056 inter
1375 3002 1537 3055 commercia
1553 2998 1631 3053 nodis

938 3070 962 3135 c
979 3096 1106 3150 lliliundit
1120 3095 1253 3165 duplicem
1264 3105 1401 3149 costarum
1417 3110 1449 3146 cx
1463 3093 1556 3147 ordine
1569 3101 1679 3147 cratem.

976 3189 1042 3243 Pars
1058 3189 1160 3242 interna
1176 3200 1260 3241 noros
1275 3187 1336 3238 vitm
1350 3185 1481 3239 lornraur
1495 3184 1527 3237 ad
1544 3198 1620 3250 usus,

976 3279 1103 3334 Naturale
1120 3287 1215 3347 parant
1229 3286 1336 3347 tegmen
1351 3277 1440 3331 vitalia
1455 3275 1539 3337 cordi,

974 3373 1112 3442 llassaque
1128 3372 1263 3440 congestis
1278 3369 1398 3440 pendens
1412 3369 1585 3423 absconditur
1598 3368 1676 3422 extis.

976 3464 1043 3516 hildi
1059 3479 1089 3516 ur
1104 3462 1144 3515 his
1161 3462 1233 3516 terrui
1251 3460 1400 3530 pascendus
1417 3460 1450 3514 ab
1465 3475 1528 3514 aere
1542 3459 1642 3528 pulmo,

975 3554 1023 3621 Qui
1038 3562 1167 3622 concepta
1181 3552 1290 3607 trahens
1304 3553 1367 3606 lenti
1382 3552 1527 3621 spiramina
1543 3550 1632 3616 llatus,

977 3647 1096 3716 Accipiat
1111 3645 1240 3711 reddens,
1252 3645 1346 3700 reddat
1361 3661 1427 3715 quas
1443 3660 1566 3712 surupscr
1579 3654 1689 3711 tauros,

976 3737 1057 3807 loque
1072 3739 1157 3793 ricem
1172 3737 1268 3792 crebro
1285 3738 1398 3806 pellatur
1411 3736 1545 3790 anhelitus
1558 3736 1678 3788 haustus.

975 3829 1030 3883 ller
1046 3844 1073 3882 ra
1090 3838 1159 3882 tenet
1173 3827 1272 3896 jecoris
1288 3828 1463 3896 vegetandum
1478 3827 1607 3896 sarrrgnine
1620 3826 1729 3890 lonten,

974 3921 1033 3984 Quo
1048 3922 1168 3974 clausum
1183 3933 1259 3973 venae
1274 3930 1400 3987 spargunt
1416 3933 1463 3986 per
1477 3920 1578 3972 viscera
1592 3916 1702 3970 llumcn.

975 4011 1063 4066 lienis
1078 4012 1175 4064 herum
1191 4010 1303 4063 sortitur
1319 4009 1408 4077 regula
1424 4016 1538 4077 partem,

974 4105 1029 4167 era
1044 4101 1132 4155 crines
1147 4099 1288 4168 perhibent
1301 4112 1456 4167 unguesque
1471 4110 1622 4151 recrescere
1639 4102 1738 4161 sectos,

973 4193 1028 4246 tter
1040 4189 1145 4244 concisa
1161 4189 1252 4242 dolent
1266 4205 1273 4241 :
1288 4187 1349 4241 hinc
1362 4201 1433 4240 nunc
1447 4195 1588 4255 augurenta
1602 4196 1742 4240 resurrturrt

973 4285 1039 4349 Qum
1053 4283 1145 4335 rirunt
1158 4293 1292 4345 sensuque
1306 4285 1399 4331 carent
1415 4278 1440 4330 in
1456 4277 1578 4344 corporis
1590 4291 1649 4330 usu,

1010 4372 1153 4442 Postquam
1172 4369 1295 4441 periectas
1308 4369 1391 4439 jacuit
1406 4367 1531 4423 novitatis
1548 4368 1645 4437 imago,

142 4456 208 4519 Nunc
220 4465 296 4522 bomo
313 4466 453 4535 foraretur,
470 4467 567 4521 surnmi
586 4482 665 4536 quem
682 4478 770 4537 tangat
784 4467 874 4536 irrogo
932 4441 1182 4535 DForrnatumque
1197 4463 1281 4517 lutum
1296 4462 1413 4530 speciem
1431 4461 1553 4530 persenit
1567 4458 1594 4514 in
1608 4474 1735 4514 onmem:

144 4547 257 4625 Numinis,
273 4567 444 4625 claustram,
461 4559 534 4613 celso
549 4557 665 4613 donatus
678 4556 731 4613 hon
744 4574 791 4626 uc,

148 4638 224 4703 intrat
236 4651 348 4706 interius
362 4648 480 4705 lorruosa
501 4648 526 4704 iu
543 4659 633 4705 niente
649 4650 771 4720 liguram

149 4728 208 4794 llunc
224 4741 285 4797 libet
305 4750 424 4797 erectum
441 4739 513 4795 rultu
529 4755 687 4811 praeponere
706 4742 808 4809 pronis,

151 4819 261 4903 Quiregat
271 4845 377 4888 aeterno
387 4831 536 4900 subjectum
553 4831 655 4887 loedere
668 4833 807 4895 rnrrrrelmn,

151 4909 211 4975 Bruta
222 4923 320 4992 domet,
334 4924 421 4992 legem
433 4923 536 4977 cunctis
546 4937 578 4977 ac
589 4923 696 4976 nonriua
714 4933 806 4991 ponat,

156 5001 209 5065 lszra
221 5023 299 5082 notet,
314 5014 431 5083 coelique
445 5011 500 5067 rins
513 5023 540 5067 ct
554 5013 642 5068 sidera
656 5014 744 5077 norit;

156 5093 251 5162 biscatet
263 5109 392 5178 inspectis
408 5106 562 5162 discernere
577 5115 697 5175 tempora
711 5105 793 5176 signis
807 5124 814 5162 a

157 5185 254 5264 hrljtctar
269 5201 380 5271 pelagus
390 5214 501 5264 serum,
517 5197 679 5269 ingenioque
695 5197 781 5252 tenaci

156 5277 262 5348 lussiten
274 5306 440 5363 quecunque
453 5291 541 5357 ridct;
554 5292 596 5345 cui
612 5291 695 5345 bestia
708 5290 833 5346 trendens

153 5376 240 5450 Serriat,
254 5397 281 5441 et
296 5385 385 5454 posito
400 5384 504 5438 discant
517 5393 655 5439 mansueta
671 5384 762 5441 lurore

151 5465 263 5540 inperium
276 5476 399 5547 jumenta
412 5475 475 5545 pati,
490 5476 608 5545 jussique
621 5476 698 5544 ligari

147 5559 261 5626 Farinern
276 5569 372 5642 trepidi
384 5577 511 5625 consueta
525 5569 551 5622 in
566 5566 651 5624 vinela
665 5567 785 5638 jurcrtci.

144 5655 233 5732 diroque
247 5665 331 5734 magis
345 5670 440 5717 natura
451 5659 566 5716 lroruinis
582 5658 720 5717 sublimior
734 5668 834 5728 castet,

972 4559 1091 4614 Vertitur
1102 4557 1128 4611 in
1144 4571 1252 4611 carnem
1268 4555 1358 4618 limus,
1370 4553 1517 4624 durataque
1531 4553 1627 4607 molles

971 4649 1126 4704 Viccribus
1141 4647 1235 4702 mediis
1251 4653 1391 4700 traxerunt
1404 4659 1464 4699 ossa
1483 4645 1625 4699 medullas.

971 4741 1100 4795 inseritur
1114 4738 1190 4793 verris
1204 4738 1323 4807 sanguis,
1341 4736 1458 4804 viroque
1470 4736 1561 4790 colore

970 4831 1056 4886 insu-lt
1069 4846 1116 4886 ora
1131 4830 1212 4885 rubor
1225 4847 1232 4884 :
1247 4838 1303 4883 toto
1320 4837 1375 4882 tum
1391 4843 1506 4897 corpore
1519 4829 1605 4897 pallor

970 4925 1091 4986 l‘cllitur,
1107 4932 1134 4978 ct
1147 4922 1240 4976 niveos
1253 4921 1372 4991 depingit
1388 4936 1505 4990 purpura
1520 4920 1617 4974 vultus.

970 5015 1034 5072 inde
1049 5015 1092 5070 ubi
1108 5012 1234 5084 perlectis
1248 5013 1403 5068 consuescit
1417 5013 1508 5067 risere
1521 5010 1649 5066 rncmbris

969 5109 1053 5163 Totus
1067 5107 1159 5171 homo,
1176 5116 1203 5160 et
1218 5115 1326 5160 sumant
1339 5104 1470 5159 calefacta
1484 5112 1512 5157 ut
1523 5103 1626 5157 risceta
1641 5101 1726 5156 solam

970 5198 1134 5266 Exspectant
1148 5196 1276 5261 animam,
1289 5210 1356 5266 puro
1371 5210 1450 5264 quam
1468 5194 1541 5248 lente
1555 5204 1661 5248 creator

970 5291 1089 5355 Prorrrat,
1103 5298 1130 5345 ct
1143 5296 1247 5346 erectos
1264 5299 1396 5343 recturam
1412 5291 1498 5342 mittat
1512 5289 1536 5340 in
1553 5299 1636 5341 artus.

967 5381 1066 5440 Lenem
1084 5393 1212 5453 perpetuo
1226 5383 1317 5436 hatum
1333 5379 1469 5449 profundit
1482 5378 1514 5431 ab
1529 5394 1587 5445 ore,

966 5472 1132 5542 lrtspiratque
1148 5471 1250 5525 homini
1263 5487 1270 5526 ι
1283 5485 1361 5538 quem
1377 5469 1499 5538 protinus
1514 5468 1558 5522 illc
1575 5477 1709 5536 receptum

964 5564 1091 5630 Attrahit,
1105 5574 1132 5618 et
1146 5562 1234 5619 crebri
1250 5562 1330 5617 discit
1340 5563 1496 5633 spiraminis
1508 5577 1598 5616 auras.

1000 5657 1142 5729 Postquam
1155 5667 1310 5716 nascentem
1324 5657 1411 5717 solers
1423 5655 1563 5726 prudentia
1577 5665 1685 5708 sensum
1779 5647 1782 5660 ²
