3816 6120
133 239 189 300 379

135 353 249 412 Praeuria
259 351 356 408 serrati
369 347 457 405 confir
471 347 509 400 sic
523 345 636 414 percipit
651 345 713 399 iste.

170 448 318 502 Susannam
334 450 394 512 post
405 442 477 495 bunc
490 438 578 507 dignis
591 438 650 507 quis
666 438 788 492 laudibus
802 451 916 501 unquam

135 537 263 599 Excolat,
279 533 391 588 infirmis
405 530 537 600 quondam
548 544 608 597 quae
620 529 682 583 ricit
697 529 723 582 iu
737 528 814 582 annis

134 622 255 696 improba
270 634 329 679 vota
340 637 443 687 senrun,
459 620 667 690 crtrtjuratosque
682 619 803 674 furores?

134 720 252 774 Primum
262 716 396 786 disjuncto
410 729 479 784 quos
491 715 648 781 cepiteansa
660 710 760 765 viritim

132 806 261 875 Gorrsillo,
277 806 403 875 solusque
416 804 465 859 sibi
483 803 604 872 promisit
618 812 731 872 uterque

132 901 213 971 Spem
229 899 477 965 cupressinum
493 897 583 951 colens
597 895 624 949 in
637 894 762 949 cordibus
777 894 846 964 iguis

132 991 264 1046 Crtnllarit
272 999 387 1044 mentem
398 988 507 1044 sceleris
519 987 625 1041 fornace
635 985 759 1039 duorum.

131 1083 308 1149 Conveniunt,
322 1098 382 1138 nam
393 1082 460 1136 forte
473 1081 516 1136 die
525 1081 564 1135 sic
577 1078 759 1147 contigitque,

133 1173 266 1228 Abscessu
282 1174 344 1228 fleto
357 1173 461 1228 diversa
475 1181 504 1226 ut
523 1180 597 1240 parte
613 1169 741 1226 redirent.

132 1260 213 1331 Inque
228 1277 323 1318 nemus
334 1276 433 1317 tenere
447 1260 540 1326 simul,
555 1260 662 1330 vulgale
677 1258 796 1313 vicissim

65 1408 66 1411 ,
131 1351 374 1406 Pandituraltcrno
390 1353 505 1421 flagrans
524 1350 550 1404 in
564 1350 646 1404 corde
660 1350 790 1419 voluptas.

133 1444 206 1499 fficct
221 1446 354 1499 incautam
369 1445 491 1499 salientes
502 1442 595 1497 fraude
609 1442 723 1510 puellam

131 1537 275 1603 Appetiere
289 1534 385 1600 simul;
402 1544 515 1604 poscunt
533 1532 683 1588 consentiat
696 1540 758 1586 ante

132 1624 278 1680 Dedecoris
293 1633 394 1681 lantum
411 1635 601 1694 moneatquam
615 1624 682 1678 fama
695 1624 798 1690 rebelli,

575 231 604 286 S.
625 230 714 286 Ai'le
737 227 936 288 utenueusts
957 226 1141 284 coaestuet
1162 225 1263 282 Libett
1285 226 1329 282 vt.
1506 307 1509 314 Ι

935 343 963 401 Α
977 338 1076 409 Vrrlgus
1086 340 1232 396 inauditam
1243 343 1431 410 damnauerat,
1446 353 1473 401 et
1485 346 1564 402 simui
1580 363 1676 406 omnes

1713 229 1768 289 580

973 431 1088 485 insontis
1102 441 1207 487 sontem
1217 434 1357 489 certabant
1369 450 1479 490 eernere
1491 447 1621 506 mortem;

972 519 1037 573 Cum
1050 521 1138 576 subito
1151 521 1178 576 iu
1189 523 1306 578 medium
1326 525 1471 593 intrauisse
1483 529 1595 598 proripit
1610 545 1731 601 agmen,

971 608 1120 664 Ascensum
1138 614 1372 683 teneracastigans
1385 631 1451 671 uoce
1465 618 1620 685 tumultum,

971 700 1025 756 Cur
1035 711 1108 756 tarrto
1120 719 1151 758 cx
1166 715 1238 760 coetu
1249 707 1337 761 nullus
1353 723 1409 762 rem
1422 709 1535 780 judicat,
1546 727 1579 768 ac
1592 727 1623 768 se

972 791 1052 848 Liber
1065 794 1098 848 nd
1112 795 1239 863 injustum
1253 801 1351 853 clamat
1365 816 1416 852 nun
1429 817 1538 858 currere
1554 803 1679 861 fclbum?

972 881 1096 939 Protinus
1109 886 1142 940 ad
1157 887 1268 942 verbum
1284 890 1359 959 puori
1375 901 1494 960 permota
1510 898 1642 963 repressit

971 973 1060 1030 'furba
1070 989 1168 1045 sequar
1180 981 1282 1034 animus
1293 998 1300 1043 ;
1310 980 1557 1050 judcx'deceruitur
1571 988 1642 1055 ipse,

970 1065 1166 1141 consultorque
1178 1084 1283 1138 sentam,
1298 1087 1436 1143 perquem
1450 1076 1491 1128 ria
1502 1092 1566 1131 vera
1581 1090 1717 1148 patescat.

970 1152 1091 1210 Consedit
1105 1157 1212 1214 avulsos
1223 1161 1345 1228 quisnam
1356 1164 1390 1218 sit
1402 1165 1521 1222 criminis
1532 1170 1619 1236 ordo,

970 1244 1023 1300 Sed
1036 1245 1100 1301 dum
1112 1248 1269 1304 discordans
1281 1265 1438 1319 responsum
1454 1257 1557 1325 praebet
1567 1270 1695 1332 uterque,

970 1339 1145 1416 abjunctum
1156 1343 1258 1400 facinus
1269 1346 1399 1416 disjuncta
1412 1363 1477 1405 uoce
1489 1349 1617 1407 fatentur.

969 1429 1045 1485 'func
1072 1447 1167 1501 omncs
1193 1436 1293 1504 pariter
1321 1438 1400 1493 timor
1426 1440 1545 1510 accipit:
1566 1443 1689 1515 undique
1713 1447 1769 1503 cln-

1667 1553 1730 1592 fnof'

969 1613 1093 1684 Tollitur,
1109 1627 1232 1674 auctores
1246 1621 1357 1676 sceleris
1370 1622 1445 1690 plebs
1459 1624 1547 1680 obmit
1556 1537 1665 1696 omnis,[

133 1713 246 1782 flosque
257 1714 465 1785 retorquendum
475 1713 588 1779 facinus,
601 1713 626 1766 ni
639 1713 727 1776 cedat,
741 1714 766 1767 iu
781 1712 865 1782 ipsarn
935 1703 959 1764 B
971 1706 1161 1779 Laudaturque
1174 1712 1263 1780 Deus,
1278 1714 1323 1784 qui
1338 1730 1473 1786 nunquam
1486 1729 1546 1774 rota
1560 1720 1696 1777 bonorum

975 1801 1089 1862 Deserit,
1104 1804 1283 1874 auxiliumque
1294 1820 1372 1861 suum
1386 1824 1435 1879 pro
1450 1820 1570 1881 tempore
1585 1823 1732 1871 monstrat.

974 1889 1007 1944 Et
1022 1900 1109 1946 tamen
1125 1891 1166 1946 bis
1182 1894 1254 1962 prior
1268 1904 1309 1951 est
1324 1913 1383 1967 que
1396 1900 1549 1970 uirginitate
1562 1905 1660 1974 pudica

134 1804 254 1859 Confessi
268 1807 390 1859 ardorem
403 1804 500 1874 pariter
514 1804 651 1858 mendacia
664 1803 779 1872 produnt

132 1895 280 1966 Disposila,
300 1907 327 1952 et
349 1897 459 1967 laqueos
484 1895 613 1965 pandunt,
638 1909 706 1964 quos
734 1904 840 1949 nectere
868 1895 922 1950 ref·

803 1983 887 2057 [leul-

132 2082 239 2150 Aneeps
250 2081 296 2136 illa
311 2082 356 2136 diu
370 2095 461 2136 secnm
474 2079 597 2147 luctatur,
608 2086 636 2135 et
648 2076 753 2133 baerens

82 2231 85 2237 ,
132 2173 254 2229 sternar
265 2174 374 2228 incertae
388 2188 441 2242 quo
456 2180 567 2241 uergant
580 2171 699 2239 pondera
716 2169 831 2224 mentis:

131 2261 186 2316 Lex
198 2276 309 2332 peccare
323 2268 403 2325 vetat,
418 2273 568 2329 rursusque
582 2257 691 2312 infamia
709 2266 792 2313 torret

132 2352 199 2408 lfinc
213 2353 310 2408 ilerum
326 2353 409 2407 duros
423 2351 547 2420 precibus
562 2349 666 2404 mollire
677 2348 782 2403 furores

132 2442 238 2510 Teutas,
252 2443 418 2498 ctobscenas
432 2441 559 2512 lacrymis
574 2440 741 2509 restinguere
752 2439 885 2495 dammas.

135 2537 188 2593 Sed
203 2547 340 2605 postquam
357 2535 438 2590 nullis
455 2532 579 2604 precibus
593 2531 754 2601 monitisque
768 2543 886 2588 remotos

132 2629 335 2696 obstrictosque
348 2640 427 2682 senes
442 2625 505 2680 vicit
519 2633 630 2694 cognata
645 2622 744 2688 libido.

134 2719 242 2774 Ferrriua
256 2718 385 2788 praeclaro
396 2725 511 2772 mentem
523 2728 650 2770 succensa
666 2715 769 2784 pudore

133 2811 258 2866 Decrevit
274 2821 337 2866 tunc
348 2820 420 2865 casta
433 2809 518 2874 mori,
533 2824 566 2862 ne
580 2808 693 2863 crimine
706 2816 781 2861 tanto

132 2903 273 2959 Arubirent
288 2903 412 2958 miseram
426 2900 515 2957 curnis
526 2900 687 2956 commercia
704 2899 785 2953 vitam

134 2994 237 3050 Cretum
251 3006 319 3051 teste
330 3002 415 3060 uocat,
430 2994 580 3062 famamque
593 3002 697 3048 recusat
713 2993 819 3047 inanem

134 3088 237 3145 iudicio
250 3097 374 3143 contenta
385 3103 435 3142 suo
450 3103 456 3139 :
472 3101 532 3141 cum
544 3083 649 3141 conscia
665 3085 745 3139 corda

134 3176 310 3233 Commendat
323 3192 426 3246 superae
439 3176 512 3243 fidei,
526 3184 668 3244 seruatque
681 3173 786 3228 futuris.

135 3269 226 3325 bfaluit
240 3270 285 3325 ifle
299 3279 388 3324 tamen
400 3270 495 3323 secreti
512 3270 646 3338 inspector
660 3275 781 3334 apertum

135 3363 255 3416 Exautcn
267 3372 395 3430 prestare
409 3360 482 3426 loco,
499 3361 653 3428 facinusque
664 3358 796 3412 reclusum

135 3454 264 3519 Pandere,
277 3463 305 3508 et
319 3453 438 3522 objectas
454 3451 555 3520 laqueis
571 3450 717 3518 producere
733 3448 849 3504 fraudes.

134 3532 275 3611 Spectabat
291 3543 366 3596 ratris
381 3550 542 3596 commotam
558 3539 664 3594 fletibus
675 3539 767 3593 urbem

134 3635 229 3690 Jurriur
240 3634 285 3689 ille
299 3649 381 3703 puer,
396 3635 487 3701 pueris
497 3630 582 3684 tribus
598 3631 654 3700 ipse
668 3629 771 3684 futurus
850 3688 854 3695 ,

134 3725 196 3781 Post
212 3740 313 3786 cemes.
326 3724 434 3779 undanti
448 3722 591 3791 quesierit
605 3721 726 3776 Parthica
740 3721 853 3775 flammae

135 3816 296 3887 Contempto
312 3815 425 3886 imperio
439 3815 554 3869 flammis
568 3815 716 3869 feruentior
732 3816 782 3867 ira.

136 3910 210 3963 Arsit
225 3916 363 3962 contracto
377 3907 476 3977 pariter
486 3914 626 3961 crescente
640 3904 729 3959 calore

135 4000 204 4055 ffinc
216 3998 299 4064 furor,
311 3998 373 4053 inde
386 3996 463 4065 fides,
475 3995 575 4050 sanctis
587 3994 650 4049 dum
665 3993 771 4048 ruoilior
785 3993 853 4062 ignis

134 4092 250 4156 Serriit,
265 4099 293 4146 et
304 4088 394 4160 tepido
404 4088 537 4145 conclusit
550 4102 633 4157 prona
650 4086 762 4152 rubore;

136 4183 226 4237 boncc
240 4181 353 4236 miratus
367 4194 476 4237 cessare
490 4177 612 4234 incendia
627 4187 732 4246 satraps

135 4273 229 4342 iussit,
243 4282 397 4330 elaslautes
407 4274 573 4328 flammarum
586 4271 663 4341 copia
678 4270 769 4326 cinxit.

137 4363 192 4420 iios
207 4365 310 4419 meritis
323 4379 431 4434 aequans
447 4362 563 4418 berniciis
573 4363 692 4432 proxima
704 4363 790 4418 uirtus

136 4452 248 4509 fforrida
261 4453 428 4509 frendentum
443 4454 607 4522 compescuit
619 4467 664 4507 ora
680 4452 796 4518 iconum,

134 4543 202 4599 Duru
214 4547 288 4614 prius
297 4543 403 4598 accensi
417 4541 533 4597 stimulis
545 4541 624 4596 laenis
636 4551 717 4612 atque
731 4542 828 4598 furoris
842 4585 849 4608 ,

135 4636 304 4704 Frerratoqoe
317 4634 396 4688 simul
411 4642 561 4688 sternentes
576 4649 690 4703 corpora
700 4634 777 4703 rictu,

136 4727 298 4781 furdomum
312 4728 432 4781 lambunt
447 4726 515 4779 iuter
528 4724 624 4795 jejunia
641 4736 760 4794 pastum,

135 4816 200 4872 llum
229 4827 317 4871 sumat
342 4825 430 4871 lacten
458 4817 508 4871 iste
535 4817 619 4885 cibos,
644 4832 711 4886 quos
735 4818 832 4871 vertice
859 4834 920 4886 peu·

492 4923 495 4928 ·
807 4908 885 4981 [dens

137 4999 262 5068 burgelica
277 4999 390 5053 librante
402 5012 480 5051 manu
495 5012 543 5067 per
556 4998 633 5052 inane
646 4999 760 5064 citatus,

136 5090 392 5158 Subiectascalcans
407 5089 523 5143 immotis
538 5088 673 5159 gressibus
686 5104 779 5159 auras,

137 5181 227 5238 intulit
238 5183 325 5238 illatus
341 5181 420 5237 lascis
432 5196 491 5236 cunt
505 5180 577 5234 fasce
592 5182 729 5251 propbeta.

137 5276 247 5344 Eretapit
261 5275 353 5330 fiartief
370 5274 540 5329 transmissas
551 5274 664 5342 desuper
677 5289 761 5331 escas.

136 5365 245 5420 f³ererria
262 5366 411 5433 longinquis
422 5366 537 5434 migrant
553 5364 682 5420 feruentia
693 5367 780 5430 terris,

137 5464 334 5525 bees-ruantque
347 5469 409 5509 suos
423 5455 563 5525 peregrina
579 5456 604 5509 itt
619 5454 683 5511 sede
695 5471 815 5526 superes

136 5546 184 5600 iiic
199 5561 262 5614 ergo
279 5546 401 5615 impubes
415 5544 563 5600 Susannam
578 5551 644 5601 torte
657 5546 764 5609 ridebat

136 5635 163 5689 fu
181 5647 312 5694 tormenta
324 5636 390 5707 rapi,
405 5636 460 5691 reri
475 5650 554 5707 quarn
569 5636 674 5692 nescius
686 5647 746 5693 ante

974 1981 1102 2038 intactum
1118 1986 1225 2055 praefert
1243 1989 1276 2044 ad
1292 2000 1352 2045 vota
1368 1995 1496 2061 perennia
1510 2010 1622 2067 corpus.

974 2070 1038 2126 Natu
1053 2075 1074 2128 si
1090 2083 1195 2130 terrena
1207 2080 1350 2136 nubentem
1367 2081 1425 2152 lege
1435 2085 1550 2154 puellam

975 2167 1135 2221 decertasse
1148 2177 1237 2236 toros,
1253 2183 1332 2243 atque
1343 2190 1422 2228 rrnrrm
1436 2192 1516 2233 nosse
1529 2179 1637 2244 cubile,

901 2315 904 2321 ⁴
974 2256 1078 2314 blorlali
1096 2270 1196 2316 latttum
1207 2265 1331 2320 laudatur
1339 2267 1430 2335 judice
1444 2279 1533 2340 coetu,

972 2346 1082 2419 Conjicc
1095 2353 1222 2422 'virgineis
1235 2365 1362 2424 quantum
1373 2359 1522 2428 disponitur
1533 2363 1588 2417 illic

973 2438 1032 2505 Quo
1045 2439 1167 2496 Cirristus
1178 2454 1256 2500 rocat
1266 2445 1328 2502 binc
1342 2450 1461 2517 meritis,
1477 2452 1520 2506 ubi
1535 2453 1600 2508 sede
1612 2469 1731 2524 superna

973 2526 1122 2585 ffumanurn
1134 2533 1161 2586 in
1175 2543 1264 2601 partes
1274 2535 1379 2593 dirimet
1391 2555 1477 2608 genus
1488 2542 1592 2598 arbiter
1607 2545 1695 2600 orbis.

972 2614 1063 2684 Agnos
1074 2618 1169 2674 dextra
1182 2621 1291 2689 levans,
1307 2625 1387 2681 leros
1399 2639 1552 2686 contemnet
1565 2641 1595 2688 ut
1610 2635 1716 2704 baedos,

973 2707 1086 2763 Stabunt
1101 2713 1213 2781 angelici
1230 2715 1357 2772 mirantes
1369 2718 1436 2773 facta
1451 2721 1585 2778 bonorum

973 2801 1180 2872 laudantesque
1191 2805 1266 2860 ebori
1284 2825 1290 2861 :
1306 2811 1411 2865 cunctis
1425 2825 1568 2868 commune
1583 2816 1689 2883 patebit

974 2894 1102 2950 Decursae
1113 2897 1202 2952 carnis
1213 2900 1354 2967 urerltum;
1369 2900 1444 2955 fraus
1456 2903 1527 2957 nulla
1542 2905 1665 2961 tenebris

973 2985 1096 3053 Abdere,
1108 2988 1149 3043 rel
1167 2998 1243 3044 notas
1257 2991 1356 3060 polerit
1370 2993 1519 3049 subducere
1533 2996 1639 3067 culpas.

935 3061 959 3125 C
974 3077 1031 3134 fllic
1045 3088 1106 3133 nota
1118 3081 1163 3135 tibi
1177 3081 1328 3137 subsistens
1343 3085 1395 3139 rita
1409 3096 1532 3154 petatur,

976 3162 1032 3228 Ouo
1041 3168 1127 3238 justus
1143 3170 1211 3225 ditat
1224 3172 1384 3243 dispensans
1399 3179 1507 3247 premia
1517 3179 1613 3249 juder.

1016 3262 1155 3330 Quondam
1170 3266 1305 3322 succina-te
1317 3268 1387 3336 quod
1399 3269 1500 3325 dictum
1513 3279 1556 3327 est
1566 3287 1617 3328 ore
1632 3275 1765 3344 magistri,

976 3353 1041 3406 ilum
1054 3356 1124 3423 riget
1134 3354 1221 3411 officio
1235 3356 1367 3415 furnulans
1379 3363 1487 3417 solertia
1503 3365 1626 3434 bfartbrc,

977 3446 1165 3516 Attcntamque
1177 3451 1331 3506 lenetrerbi
1346 3452 1444 3507 virtute
1455 3468 1589 3521 sororem,

975 3533 1043 3588 Crura
1057 3536 1117 3590 cibo
1132 3539 1245 3609 melior,
1264 3551 1340 3610 pastu
1355 3543 1500 3614 qumdigua
1517 3548 1642 3614 perenni.

976 3625 1050 3680 Turro
1062 3643 1158 3684 vacuas
1173 3630 1286 3686 Domino
1300 3633 1462 3703 depromens
1475 3635 1579 3691 lfartba
1594 3641 1731 3709 quereias,

974 3718 1114 3786 0doctor,
1131 3737 1183 3775 uon
1199 3724 1298 3791 cernis,
1314 3726 1362 3793 ait,
1377 3726 1447 3794 quod
1459 3729 1516 3783 sola
1532 3738 1628 3798 paratu

978 3811 1076 3877 l'eror,
1091 3820 1117 3867 et
1132 3812 1190 3868 brec
1203 3814 1302 3869 nullum
1317 3817 1423 3873 confert
1434 3833 1560 3888 germana
1576 3822 1722 3879 levamen?

975 3901 1022 3956 Curi
1036 3901 1159 3959 cbristus
1172 3905 1211 3960 sic
1223 3906 1293 3962 forte
1308 3907 1392 3963 refert
1405 3926 1412 3962 :
1429 3907 1497 3964 Sunt
1511 3911 1627 3980 plurima
1639 3931 1699 3982 quae
1710 3926 1735 3970 te

975 3989 1135 4046 obstrictam
1149 3994 1274 4059 retinent,
1290 3998 1386 4051 melior
1395 3996 1442 4052 scd
1453 4013 1532 4054 causa
1545 4002 1662 4070 quietis,

975 4082 1109 4154 Lectaque
1128 4100 1177 4140 nec
1192 4087 1290 4155 poterit
1304 4088 1393 4143 bfarie
1409 4104 1470 4158 pars
1484 4090 1585 4159 optima
1597 4092 1667 4147 tolli.

1010 4175 1067 4241 Sic,
1081 4191 1216 4246 germana,
1231 4179 1287 4234 suis
1300 4180 1362 4234 darm
1374 4182 1485 4252 flagrant
1498 4184 1596 4240 saecula
1612 4186 1697 4251 curis,

976 4266 1093 4321 Electam
1108 4282 1216 4324 seruarc
1228 4270 1274 4324 tibi
1291 4286 1343 4325 non
1357 4272 1450 4328 desine
1461 4284 1576 4342 partem.

977 4359 1016 4415 Tc
1029 4360 1124 4416 meruit
1140 4361 1253 4430 primam
1265 4364 1389 4433 coguatio
1406 4371 1459 4418 tota
1474 4374 1626 4434 patronam,

937 4428 1033 4506 Diam
1049 4461 1075 4507 te
1089 4451 1242 4524 signiferam
1255 4457 1405 4525 sequimur,
1414 4457 1567 4529 vexillaque
1580 4459 1682 4515 Christi

975 4545 1013 4600 'fe
1025 4555 1149 4615 portante
1162 4547 1248 4602 libens
1260 4557 1379 4604 sectatur
1393 4560 1505 4605 stemma
1520 4562 1679 4622 parentorum

974 4635 1046 4703 Quos
1059 4636 1122 4692 licet
1135 4637 1245 4707 antiquo
1260 4639 1376 4694 mundus
1391 4639 1518 4696 do'nassel
1536 4642 1657 4709 bonore,

976 4728 1010 4784 Et
1021 4730 1102 4784 titulis
1113 4739 1244 4785 monstret
1255 4746 1387 4800 generoso
1397 4748 1505 4802 semper
1518 4733 1552 4789 ab
1565 4747 1626 4789 ortu
1639 4754 1648 4802 ;

975 4819 1039 4875 Plus
1054 4831 1142 4877 tamen
1156 4823 1260 4877 ornarit
1270 4821 1390 4878 ditinum
1407 4824 1510 4895 insigne
1521 4835 1658 4896 gerentes,

975 4910 1075 4967 Ordine
1089 4911 1158 4981 quod
1173 4913 1283 4983 proprio
1299 4923 1406 4971 sanctas
1420 4931 1544 4971 meruere
1556 4918 1709 4973 cathedras.

974 5003 1031 5058 bon
1042 5014 1133 5058 atavos
1144 5004 1198 5072 jam
1213 5020 1282 5060 nuuc
1297 5005 1401 5061 tibimet
1414 5021 1579 5076 proavosque
1590 5017 1718 5071 retexant,

974 5092 1033 5147 Vita
1045 5094 1197 5150 sacerdotes
1213 5111 1280 5164 quos
1296 5095 1411 5152 reddidit
1426 5098 1525 5168 inclyta
1539 5099 1635 5168 dignos
1651 5116 1657 5152 :

975 5182 1131 5239 Pontificem
1148 5187 1231 5239 sacris
1246 5196 1411 5256 assumptum
1427 5190 1531 5250 respice
1542 5196 1659 5258 patrem.

974 5272 1094 5341 Cumque
1109 5273 1156 5327 tibi
1170 5275 1276 5344 genitor
1291 5276 1333 5331 vel
1349 5278 1499 5332 auunculus
1514 5278 1631 5348 undique
1646 5279 1729 5350 magni

976 5365 1039 5420 Post
1052 5364 1139 5421 fasces
1152 5369 1273 5436 placeant
1288 5369 1447 5439 populorum
1462 5384 1568 5425 sumere
1582 5370 1693 5434 fascem,

975 5456 1087 5525 Soscipe
1101 5473 1168 5523 quos
1184 5458 1299 5515 bumilcs
1315 5468 1418 5528 patrum
1432 5460 1464 5515 ad
1479 5463 1613 5518 consortia
1633 5464 1712 5520 fratre

976 5546 1071 5601 Officio
1084 5547 1186 5602 similes
1199 5558 1309 5604 necteus
1322 5549 1441 5605 Ecclesia
1455 5549 1554 5620 junxit.

978 5637 1030 5693 Pro
1041 5638 1137 5709 quibos
1152 5640 1272 5696 assiduas
1283 5639 1391 5698 cbristo
1404 5641 1559 5712 persoluere
1575 5651 1675 5720 grates,
