3832 6120
162 192 213 249 eor
856 187 1077 249 rnunourtus.
1371 170 1375 177 ’
1728 197 1779 256 see

161 326 317 382 monasterii
334 327 456 396 accipere
469 325 550 380 uoluit
569 323 715 393 spiritualis
731 329 814 392 petor,
828 323 876 377 sed
895 310 980 378 nub
997 309 1125 373 ¹³¹t0tt¹¹b
1142 317 1187 363 ³¹¹1
1202 307 1337 378 religionis
1350 307 1469 365 babiturn
1488 315 1632 378 illlll⁰l¹²¹¹t
1654 308 1680 364 Vl
1694 318 1780 364 0¹¹⁰?-

160 415 210 471 dus
234 415 316 471 relati
335 431 350 472 e
368 415 505 486 naufragio
529 414 645 470 evadens
668 413 693 470 in
712 413 944 483 congregationem
998 414 1109 476 queret,
1125 417 1183 472 quse
1198 402 1360 459 montanerio
1379 402 1496 470 reliquit,
1512 411 1538 458 ct
1552 400 1664 457 fratrum
1680 403 1780 470 patien·

160 513 283 575 receptas
299 515 351 572 est,
364 520 423 558 nam
443 513 470 560 et
485 506 640 561 vestimenta
661 504 799 559 saecularia
822 514 883 559 aare
905 505 944 559 ln·
998 498 1062 551 tiam
1075 504 1255 552 manaverat
1270 496 1295 550 ia
1310 495 1388 556 iran-
1401 492 1464 549 llaec
1477 492 1584 561 altaque
1598 493 1675 563 plara
1687 505 1779 560 aspera

159 607 280 662 gressum
302 594 435 663 deponere
458 603 484 649 et
504 594 664 663 pauperibus
679 592 857 647 decedebam,
884 592 945 648 Haeq
998 586 1105 657 qtlltlent
1120 594 1148 641 ei
1160 586 1226 646 (bilta
1241 586 1401 641 exercebant
1414 585 1517 653 arisiqai
1532 582 1569 637 illl
1585 581 1702 645 Kiledel,
1716 595 1780 651 qtto·

160 691 249 736 autern
263 681 351 737 ameria
366 681 427 736 ideo
441 692 568 752 praestare
583 680 751 750 obligabatur
765 694 849 734 nouus
870 693 944 734 reco-
998 691 1056 731 rum
1071 675 1219 746 discipliuae
1236 676 1361 744 rigorem,
1381 674 1500 744 queraris
1511 674 1545 729 ad
1564 671 1721 727 imitandum
1736 687 1781 726 ne·

159 778 231 838 ptus,
250 778 279 825 ut
299 770 335 825 ibi
354 770 528 826 uoluntariam
550 770 678 840 deligaret
703 777 897 839 paupertatem,
917 778 944 822 et
998 766 1135 834 cessarie,
1165 765 1299 835 proposita
1326 763 1479 833 compendi
1503 762 1620 817 brevitas
1645 770 1720 816 vetat
1733 776 1780 816 noe

124 859 138 881 ⁸
160 872 324 928 nequaquam
339 859 409 913 inter
424 859 518 914 leores
532 859 665 914 exee’lcns
682 873 742 914 sese
761 858 888 922 elevaret,
902 857 944 911 vel
998 870 1140 926 exponere.
1161 854 1213 910 Sed
1228 853 1366 924 AEgyptias
1382 852 1527 909 monnellus
1541 852 1567 906 iu
1581 851 1708 907 omnibus
1721 851 1779 906 irni-

160 959 208 1000 eua
220 948 347 1004 sudultus
360 949 507 1004 substantia
521 950 649 1019 aequialern
662 948 788 1003 iratribus
802 962 853 1003 nou
866 947 946 1002 iniret
998 946 1044 1000 tati
1061 954 1133 1012 turn,
1149 944 1315 1014 similemque
1328 944 1367 999 eis
1382 942 1515 997 duxeruut
1528 941 1620 997 ullam.

803 1659 884 1701 enno
906 1657 1018 1702 nomint
1039 1656 1145 1702 CCCCV.

302 1789 1635 2152 Anuobsultllltlllltlllu

784 2080 864 2143 iusta
878 2080 1023 2141 editionem
1040 2079 1168 2149 brunuli.)

600 2317 897 2491 biplttala
942 2311 1344 2457 dedicatoria.

331 2554 522 2617 Beatissimo
534 2557 614 2634 parre
634 2564 664 2617 n
679 2555 715 2616 o.
731 2556 767 2616 n.
785 2559 841 2617 ruo
856 2559 961 2618 saxeo
980 2571 1071 2637 papo
1085 2554 1415 2616 meermannianam
1431 2554 1615 2619 enarrans..

199 2688 388 2754 Cbristianae
401 2712 527 2773 poeseos
544 2705 748 2768 monimento,
760 2681 916 2768 ‘nennium
929 2713 995 2774 quc
1006 2694 1096 2755 moda
1115 2701 1249 2767 exstant,
1268 2700 1321 2754 out
1339 2692 1493 2756 restitisse
1509 2710 1644 2772 unquam
1658 2690 1780 2768 ecimus,

158 2792 428 2867 prestantissima.
444 2794 481 2854 M
486 2840 492 2854 .
511 2795 636 2859 Aurelii
646 2793 812 2856 Prudentii
829 2795 989 2867 Carmina,
1007 2812 1101 2874 quam.
1115 2793 1347 2871 diliqentiesime
1360 2794 1429 2872 deri
1449 2791 1566 2870 poterit,
1580 2794 1781 2870 reacquitari

159 2899 299 2955 cuneata
320 2891 384 2956 luci
398 2892 531 2972 publico
551 2894 696 2956 mandare
715 2896 880 2967 constitui,
903 2895 1036 2965 nomini,
1060 2894 1273 2973 majestatique
1293 2903 1365 2971 tua,
1382 2894 1438 2956 Pie
1457 2893 1609 2973 Pontifex
1631 2894 1779 2964 Maxime,

158 2999 350 3060 consecrata.
365 2992 488 3073 Patere,
512 2995 729 3057 humanissime
746 2997 921 3074 Princeps,
938 3001 975 3055 ut
994 3012 1059 3056 nan
1078 2996 1168 3056 modo
1184 2996 1224 3057 ad
1239 2997 1353 3059 solium
1366 2994 1453 3056 istud
1468 3006 1554 3056 tuum
1572 3004 1599 3057 et
1615 2995 1658 3057 ad
1671 2994 1781 3076 pedum

156 3091 263 3155 ascula
280 3091 438 3156 beatarum
454 3095 612 3169 demissus,
630 3105 665 3158 ut
681 3113 741 3176 por
755 3103 809 3169 est,
826 3114 861 3156 ac
873 3095 1107 3158 venerabundus
1119 3096 1269 3167 accedam,
1286 3115 1392 3158 oerum
1406 3098 1494 3159 etiam
1508 3104 1541 3157 ut
1557 3103 1587 3157 et
1603 3096 1781 3178 llberepra·

152 3196 257 3274 ¹tltear,
273 3214 385 3258 munus
400 3197 470 3276 boc,
486 3200 568 3278 quod
590 3198 648 3262 tibi
662 3199 772 3279 offero,
787 3216 852 3258 non
867 3198 985 3260 nuliius
1003 3216 1065 3258 esse
1080 3200 1188 3276 pretii,
1202 3207 1229 3259 et
1244 3199 1419 3278 cujusmodi
1433 3199 1490 3260 lton
1504 3200 1544 3260 sit
1559 3198 1707 3278 pretium,
1722 3216 1780 3277 pa-

155 3288 217 3352 lam
232 3291 405 3354 edisseram.
423 3294 500 3355 Etsi
517 3296 595 3358 enim
611 3301 654 3355 tot
668 3296 841 3370 sustineat,
857 3313 894 3357 aa
908 3300 997 3356 lanta
1015 3297 1140 3376 negotia
1152 3295 1238 3357 solus
1254 3294 1348 3375 (quad
1361 3296 1514 3357 uerissime
1525 3297 1614 3359 etiam
1629 3295 1667 3357 de
1678 3303 1706 3357 te
1718 3296 1781 3357 dici
1871 3288 1897 3301 ‘

153 3391 281 3472 potest),
296 3393 330 3453 ia
342 3392 492 3454 Ecclesiae
504 3395 664 3456 eatbolicoe
678 3394 930 3472 qubsrnatianem
948 3395 1106 3473 steqatart
1123 3395 1228 3457 studio
1243 3403 1271 3457 et
1284 3395 1438 3474 sapientia
1451 3395 1629 3474 incumbas,
1643 3397 1780 3477 populo·

91 3556 93 3560 Α
153 3507 222 3552 rum
243 3490 300 3555 tibi
312 3491 510 3554 subditorum
525 3493 672 3571 felicitati
682 3492 858 3555 incredibili
872 3493 1041 3572 aiqilantia
1054 3500 1082 3554 et
1097 3493 1297 3572 prouidentia
1312 3493 1509 3572 prospicias:
1527 3499 1627 3555 tamen
1642 3495 1677 3555 in
1694 3501 1780 3555 tanta

152 3603 257 3648 rerum
278 3588 357 3649 mole
374 3588 448 3650 adeo
475 3608 547 3670 erqo
562 3590 731 3651 litterasue
752 3589 847 3651 bonas
862 3600 943 3652 artes
960 3592 1089 3672 affectus
1104 3610 1150 3668 es,
1168 3600 1202 3652 ut
1219 3591 1276 3652 bac
1295 3593 1385 3654 stiam
1403 3593 1435 3653 in
1447 3599 1539 3671 parte
1550 3592 1705 3671 preclara
1728 3601 1780 3654 tua

152 3687 263 3750 metita
283 3707 348 3750 una
363 3691 499 3757 omnium
514 3710 585 3752 unce
599 3700 626 3753 ct
639 3691 861 3771 praedicatione
879 3692 1094 3764 celebrentur,·
1118 3711 1214 3773 neque
1228 3692 1295 3754 ulla
1311 3712 1456 3773 unquam,
1471 3694 1618 3773 quamdiu
1633 3713 1709 3755 suus
1723 3693 1781 3755 tlt-

155 3784 231 3848 tert's
246 3793 274 3848 et
289 3786 478 3851 humanitati
489 3789 584 3852 stabit
599 3790 709 3867 banos,
725 3789 836 3852 tacebit
851 3791 1030 3869 posteritas.
1047 3790 1140 3867 Quod
1155 3792 1234 3852 enim
1247 3808 1382 3851 museum
1399 3790 1681 3870 splendidissimum
1698 3792 1781 3852 omni

153 3882 328 3948 illustrium
340 3897 607 3950 incaementatum
622 3905 728 3967 penem
740 3888 781 3949 ad
792 3887 991 3968 praeentiam
1007 3897 1034 3949 et
1047 3895 1245 3966 posterorum
1263 3889 1327 3950 siae
1345 3888 1595 3966 admirationem,
1611 3888 1676 3951 sies
1689 3890 1781 3953 etiam

152 3982 302 4055 inuidiam
318 3990 527 4061 instruereris,⁸
543 3991 626 4068 quad
637 3991 773 4070 piurima
787 4009 822 4053 ae
837 3990 972 4050 munima
989 3988 1133 4068 beneficia
1152 3990 1187 4050 in
1203 3988 1336 4066 litteras,
1351 3990 1549 4052 inlitteratus
1570 3990 1670 4066 eiras,
1684 3991 1718 4055 in
1730 4007 1780 4051 ar·

154 4090 197 4147 tes
207 4096 342 4167 coleras,
355 4109 420 4172 qne
433 4112 452 4153 a
463 4091 650 4156 liberalitate
659 4091 900 4169 namenbabent,
915 4090 1156 4154 cumulatissime
1170 4090 1360 4161 contuleris,-
1374 4093 1456 4171 quad
1470 4089 1684 4154 bibliatdecam
1696 4099 1779 4151 tuam

152 4184 237 4248 amni
248 4187 400 4254 librorum
413 4192 504 4270 capia
517 4199 545 4252 et
558 4191 677 4253 delectu
693 4190 850 4270 inprimis
867 4191 1065 4266 conspicuam
1077 4188 1261 4264 reddideris,
1274 4189 1446 4250 vaticanam
1460 4206 1531 4248 uero
1543 4187 1665 4267 mnqnie
1680 4205 1779 4250 acm·
1896 4204 1904 4216 ·

152 4284 293 4348 sionibus
309 4287 570 4367 locupletaveris,-
587 4288 671 4368 quod
684 4288 805 4350 assidue
820 4287 856 4348 de
868 4289 984 4348 litteris
1002 4286 1096 4366 deque
1111 4287 1296 4365 optimarum
1308 4287 1424 4348 artium
1436 4286 1549 4347 studiis
1563 4286 1699 4350 matera
1711 4302 1779 4348 cum

151 4387 252 4450 animi
264 4389 434 4468 uoluptate,
449 4389 556 4452 limato
572 4391 741 4470 subtilique
749 4389 871 4470 iudicio
887 4391 1019 4453 disseras
1036 4409 1046 4452 .·
1062 4389 1123 4451 boee
1137 4389 1259 4470 aliaque
1269 4389 1362 4470 buius
1375 4388 1459 4451 modi
1470 4390 1670 4457 uehementem
1685 4400 1713 4450 et
1730 4406 1778 4450 ac·

151 4501 273 4575 censum
287 4488 448 4565 exquisitae
464 4487 617 4550 doctrinae
633 4505 765 4549 amarem
788 4506 856 4550 eum
874 4488 1020 4551 doctrina
1037 4491 1106 4568 ipso
1121 4490 1324 4569 conjunctum
1347 4489 1423 4550 satis
1441 4488 1612 4551 declarant.
1628 4487 1707 4553 Cum
1720 4509 1778 4551 au·

151 4590 211 4643 tem
228 4599 332 4644 rerum
352 4585 628 4647 aeclesiasticorum
644 4587 784 4664 counitio
800 4590 918 4650 cacteris
934 4588 992 4649 tibi
1005 4587 1146 4651 sanctior
1160 4593 1189 4648 et
1203 4589 1366 4667 antiquior
1379 4590 1433 4658 sit.
1447 4589 1532 4668 quad
1546 4588 1595 4649 bis
1611 4576 1726 4651 studiis
1743 4587 1778 4649 ab

149 4681 360 4744 adolescentia
375 4684 563 4757 innutritus,
580 4703 696 4745 summa
708 4704 747 4746 ea
762 4703 867 4747 eorum
886 4689 1072 4754 tractatione
1085 4687 1205 4750 laudem
1218 4689 1317 4766 [ueris
1332 4697 1500 4761 assecutus,
1518 4687 1574 4749 bac
1584 4688 1778 4767 potissimum

150 4781 187 4841 tle
206 4799 301 4842 causa
311 4801 421 4844 nouam
437 4784 516 4847 bano
529 4784 697 4847 Prudentii
711 4784 875 4853 editionem
893 4787 951 4849 tibi
964 4806 1027 4850 non
1040 4789 1329 4869 eolumjucundam,
1339 4790 1391 4851 sed
1405 4790 1495 4853 etiam
1507 4799 1627 4868 petitam
1640 4793 1780 4871 suturam

151 4893 213 4937 esse
229 4878 364 4956 confido.
385 4880 424 4942 Ut
442 4883 521 4941 enim
536 4880 679 4941 Ecclesia
691 4882 767 4941 Jesu
781 4881 910 4957 Christi,
933 4886 1021 4964 cujus
1037 4895 1071 4947 lu
1084 4887 1175 4960 uices,
1191 4886 1278 4948 bonis
1295 4887 1436 4949 ornnibus
1451 4887 1684 4966 plaudentibus,
1700 4880 1796 4977 qrrt's'¹

150 4972 186 5032 in
211 4975 319 5049 terris,
337 4975 484 5038 aduersus
508 4976 665 5040 baereticae
688 4979 857 5058 impiasque
871 4980 964 5061 bajus
986 4984 1087 5045 etatis
1109 4983 1244 5046 domines
1269 4985 1463 5066 defendatur,
1489 4988 1602 5065 optime
1618 4990 1780 5069 inteliiqt's,

153 5069 306 5149 Pontifex
322 5073 560 5151 sapientissime,
584 5084 741 5140 auctorem
762 5080 977 5154 pronissimum
999 5099 1059 5141 esee
1082 5079 1301 5146 Prudentium.
1321 5085 1444 5164 Quippe
1460 5088 1643 5166 ieprosanis
1666 5088 1781 5151 litteris

150 5166 288 5244 apprime
312 5168 464 5242 eruditus,
488 5172 608 5250 sorensi
626 5173 803 5252 eloquentia
826 5178 1032 5250 exercitatus,
1049 5181 1377 5246 mucimisltonoribus
1398 5186 1432 5246 in
1454 5188 1592 5247 Romana
1621 5186 1781 5265 republica

149 5266 349 5346 perfunctus,
364 5270 598 5333 amenissimum
616 5274 775 5352 inqenium
786 5277 962 5356 leporesque
975 5278 1113 5355 poeticos
1126 5279 1167 5340 ad
1180 5280 1252 5360 fidei
1268 5281 1444 5345 cbristianoe
1457 5302 1578 5346 caueam
1592 5284 1781 5362 ornandam,

191 5402 247 5460 *ln
264 5405 313 5463 bac
324 5408 394 5463 serie
405 5424 451 5466 eas
464 5421 586 5467 auctores
600 5413 789 5467 collocavimus
803 5415 847 5482 qui
863 5414 1029 5468 solummodo
1040 5415 1081 5471 uel
1097 5416 1231 5484 praecipue
1242 5433 1366 5475 sermore
1379 5421 1490 5481 metrica
1502 5422 1554 5477 seri
1568 5430 1679 5488 serunt,
1692 5432 1720 5478 et
1732 5423 1783 5477 snb

176 5541 182 5553 Ι
207 5481 294 5533 tarum
313 5482 428 5534 masline
451 5482 528 5537 titulo
543 5497 627 5551 usquo
645 5499 714 5538 ternuc
732 5484 831 5552 rrilgati
847 5499 878 5537 ac
895 5485 949 5539 noti
969 5493 1041 5539 eunt.
1061 5488 1192 5540 &sertim
1209 5489 1250 5540 liis
1271 5502 1414 5546 accensere
1430 5508 1477 5558 par
1493 5507 1541 5547 nen
1555 5438 1618 5547 biset
1633 5496 1741 5547 Aritium
1756 5502 1785 5546 et

176 5540 290 5603 reanum
306 5547 397 5609 iabou
411 5561 436 5605 et
447 5553 606 5621 praecedenti
622 5563 694 5608 tama
705 5554 800 5621 editos,
813 5569 879 5624 quos
889 5554 959 5611 lurtc
973 5572 1026 5611 noo
1040 5556 1211 5614 dedecuisset
1223 5559 1297 5614 locus
1311 5562 1380 5616 inter
1392 5560 1471 5632 bujus
1484 5563 1573 5618 saculi
1584 5573 1689 5633 metas.
1702 5562 1782 5618 Eurr.
