3832 6120
165 255 218 307 ans
789 249 819 305 s.
839 247 930 304 iiiii
952 247 1156 308 iinnssnsis
1748 254 1802 313 snt

166 369 363 439 Scripturarum
380 365 529 422 eoelestlum
539 361 614 418 loute
636 361 821 433 exemplorum
847 362 956 418 demina
970 365 995 426 Λ
1009 364 1101 420 situm.
1112 363 1210 419 Filium
1224 362 1282 432 bei,
1297 375 1358 420 euru
1368 363 1448 421 Putre
1458 373 1520 422 ante
1531 366 1628 423 sucula
1642 380 1798 436 permanen·

166 458 334 514 deriventur.
346 456 369 513 0
379 469 423 511 res
437 454 603 527 dignissima,
616 467 697 525 quain
709 462 796 508 tantus
808 453 905 524 praesul
914 452 959 521 iti·
1009 462 1075 521 tem,
1089 469 1168 525 quem
1180 454 1279 510 idcirco
1300 454 1333 510 ad
1351 455 1465 512 salntem
1487 468 1607 514 nostram
1628 457 1801 516 descendisse

168 551 253 617 heret,
264 548 287 603 si
301 547 442 616 eligeretur
456 544 501 615 qui
519 543 668 614 jussionem
681 542 778 614 dignus
796 543 957 612 exciperet:
1009 545 1044 601 de
1054 546 1124 601 culo
1144 552 1172 600 ut
1184 559 1282 615 eorpus
1291 555 1441 602 assumeret
1455 545 1522 602 ddes
1545 556 1621 603 recta
1643 548 1800 616 condietur,

166 640 189 696 si
202 639 287 695 iliius
302 636 432 693 lacnndim
446 634 570 691 thematis
597 634 776 706 responderet
791 633 893 689 auctori
911 647 919 689 ι
934 633 958 689 si
1011 644 1109 705 negant
1123 635 1150 689 in
1164 635 1253 690 alium
1273 633 1417 691 femineam
1435 635 1555 706 potuisse
1577 637 1723 705 contrudl;
1738 653 1800 695 cuni

167 731 200 786 ad
212 728 439 800 multiplicandam
455 727 613 796 populorum
628 726 742 781 salutem
755 726 795 781 sie
808 731 900 779 nostra
914 736 959 779 sa·
1009 724 1059 781 liei
1072 724 1166 792 Filius,
1177 724 1269 796 ntique
1284 724 1365 791 heus,
1376 726 1421 795 qui
1432 725 1534 781 dixerat
1547 740 1595 796 per
1620 726 1800 799 prophetam:

168 821 304 878 tisiaoeret
315 821 402 889 lingua
414 818 548 888 proloqui,
573 827 604 872 ut
625 816 732 872 abunde
755 815 855 870 sullicit
882 814 959 870 beni·
1010 817 1107 873 Curioni
1118 827 1142 873 et
1157 826 1249 873 terum
1263 819 1411 890 egointpleo
1423 818 1489 892 (Jer.
1503 834 1585 888 initi,
1605 820 1670 892 il),
1686 814 1803 894 non'poa

131 939 136 951 ·
150 942 152 953 ·
168 913 255 982 giiiius
268 917 356 965 restra
368 908 513 978 praecipere
526 924 534 961 a
546 920 606 960 euni
621 906 738 962 devincti
751 905 827 961 iobis
842 905 959 976 impere-
1010 910 1091 964 tuerit
1105 908 1196 965 tenire
1208 923 1261 979 quo
1273 917 1340 976 erat,
1355 911 1406 964 nisi
1429 924 1477 981 per
1497 911 1698 981 susceptionem
1711 911 1801 969 earnis

169 1004 235 1059 toris
256 1000 369 1072 patriam
382 1013 589 1071 personamque,
599 1013 663 1065 nou,
680 1007 710 1054 ut
730 998 840 1068 regibus
851 998 956 1054 suteris
1008 998 1191 1068 acquiesceret
1203 998 1406 1068 essequodnon
1420 999 1582 1066 eranonam
1596 1001 1799 1058 conclusionem

168 1097 251 1152 iuoris
264 1103 315 1164 est,
330 1092 515 1149 tantummodo
527 1091 562 1146 ad
572 1091 742 1148 commodum
758 1091 900 1148 mundanae
912 1106 956 1161 pa·
1009 1087 1275 1161 metnensliutyehes
1286 1089 1332 1144 ille
1341 1103 1420 1160 quein
1432 1089 1578 1160 loquimur,
1590 1105 1651 1147 cnm
1660 1091 1688 1147 in
1696 1091 1800 1163 synodo

168 1187 208 1244 cis
224 1186 320 1242 amatis
336 1200 343 1238 ι
360 1182 407 1239 ιιι
418 1182 480 1238 dum
497 1197 587 1237 eoram
602 1181 680 1237 robis
703 1181 846 1251 preveniri
858 1181 958 1236 timetis
1010 1181 1134 1248 superius
1157 1179 1295 1249 designata
1304 1179 1466 1235 studioseab
1473 1179 1638 1237 auditoribus
1646 1195 1798 1252 urgeretur,

167 1291 270 1341 errore,
281 1289 388 1331 ornnem
402 1287 463 1343 qne
477 1271 547 1327 inter
557 1279 654 1328 rosest
667 1271 813 1327 amicitiam
835 1272 861 1327 in
875 1287 908 1327 en
919 1271 957 1326 illi
1009 1279 1039 1326 ut
1052 1269 1066 1310 l
1081 1270 1192 1326 Narium
1207 1270 1338 1342 virginem
1352 1271 1513 1337 scenae,
1533 1270 1615 1329 idest
1636 1288 1697 1345 quse
1716 1273 1800 1330 ὓιιιι

169 1368 250 1424 tultis
260 1365 388 1435 prodesse
400 1378 434 1419 ne
447 1373 550 1433 peccet.
564 1362 650 1430 Quem
660 1363 769 1432 quidem
782 1370 810 1419 et
824 1362 958 1431 preconio
1009 1362 1168 1434 peperisset,
1184 1363 1370 1432 pronuntiaret
1383 1372 1463 1434 atque
1473 1362 1664 1432 subscriberet,
1676 1363 1711 1420 ad
1723 1365 1799 1436 ingo-

168 1460 300 1526 attollitis,
311 1467 339 1515 et
353 1457 456 1513 fidelem
482 1455 538 1511 lieo
566 1455 746 1525 devotumque
771 1453 894 1510 laudatis.
922 1454 958 1508 be
1010 1453 1047 1508 nii
1062 1452 1207 1523 nequitiam
1227 1452 1322 1508 iraude
1345 1466 1509 1523 conversus,
1527 1455 1713 1530 xpersarisei,
1739 1469 1800 1527 qnae

169 1566 219 1621 qna
233 1550 368 1619 principue
381 1545 415 1601 ad
429 1544 598 1616 triumphalis
614 1545 718 1601 reniam
733 1543 905 1614 plenitudinis
913 1559 959 1599 ie·
1009 1541 1145 1599 Christum
1161 1544 1346 1600 tantummodo
1361 1544 1497 1600 rideretur
1512 1544 1638 1613 edidisse,
1659 1547 1799 1605 corilesuus

169 1645 244 1697 niuiit
258 1638 318 1709 quis
328 1638 543 1706 dignemeretnr.
558 1634 615 1706 Ego
629 1643 717 1691 tanieii
730 1634 813 1691 heum
829 1650 877 1705 pro
892 1632 958 1688 riri·
1009 1645 1070 1692 est:
1085 1645 1114 1692 ιι
1126 1635 1326 1693 ιιίιίιιιιίιίιι
1336 1636 1464 1693 credatur
1489 1651 1604 1707 persona
1626 1653 1688 1707 qne
1710 1651 1800 1695 serrat

169 1732 219 1790 bus
230 1742 332 1800 quaeso,
345 1736 374 1782 ut
383 1725 407 1782 is
418 1725 476 1796 ipse
488 1725 521 1780 de
536 1741 590 1795 qno
601 1725 745 1796 loquimur,
769 1725 860 1780 Cesar
880 1724 956 1782 die·
971 1729 993 1790 Β
1006 1726 1155 1783 divinitatis
1170 1734 1308 1797 naturam,
1331 1727 1366 1783 ah
1389 1742 1422 1783 ea
1447 1742 1507 1797 ιιι
1523 1729 1650 1784 sustinuit
1667 1729 1800 1799 passionis

169 1835 272 1887 corum,
284 1818 308 1875 si
320 1817 406 1875 ddelis
427 1816 512 1882 robis,
526 1818 605 1872 etiam
620 1816 698 1873 nohis
706 1815 879 1882 honorabilis,
894 1829 955 1886 per·
1005 1817 1141 1888 iujuriam.
1157 1818 1353 1876 {infrenandum
1378 1833 1394 1873 a
1414 1826 1549 1889 prerupto
1567 1817 1678 1889 ancipiti
1702 1820 1797 1876 lucain

168 1913 343 1972 suadeatura
366 1907 487 1979 principe
514 1916 606 1962 nostro
620 1906 692 1977 qnod
718 1906 829 1964 suadeat
857 1907 956 1978 populo
1005 1909 1120 1979 lugiens,
1132 1910 1272 1967 dexteram
1285 1925 1340 1967 non
1355 1925 1534 1981 presumens,
1556 1925 1587 1966 ae
1597 1910 1712 1982 perinde
1729 1911 1799 1969 latus

168 2019 219 2062 ino
232 2022 239 2058 :
250 2011 276 2061 et
289 2016 351 2057 cum
364 2013 394 2054 se
405 1997 440 2054 ad
450 1998 592 2055 tenendum
613 1997 752 2054 veritatem
777 1998 854 2055 robis
866 1998 956 2056 reddi·

169 2096 239 2154 derit
252 2093 379 2159 docilem,
389 2090 422 2145 atl
437 2090 612 2161 expugnanda
629 2089 744 2161 propriu
762 2089 878 2159 regionis
891 2102 956 2146 eon·

170 2190 238 2261 tagla
253 2184 451 2258 predicationis
463 2193 560 2239 restrae
582 2181 681 2238 laetum
705 2197 737 2238 se
755 2180 870 2253 gaudeat
880 2180 956 2251 uiliu-

170 2293 254 2337 torem
268 2287 281 2316 ¹
294 2273 430 2346 Eutyches
441 2288 515 2342 ergo,
532 2271 659 2342 perniciei
676 2272 753 2342 cujus
778 2272 879 2328 mentio
903 2280 955 2340 est,

169 2371 289 2426 lunestns
298 2367 432 2433 incentor,
441 2354 743 2433 Constantinopolitanae
758 2362 886 2420 Ecclesiae
894 2365 955 2435 qni·

169 2463 229 2518 dein
241 2460 391 2532 presbyter,
406 2456 453 2512 sed
463 2455 579 2527 copiose
601 2455 794 2511 monachorum
808 2454 958 2511 multitudi-

169 2553 210 2608 nis
224 2551 383 2622 prepositus
392 2548 442 2605 luit
455 2564 464 2602 ι
477 2547 554 2617 cujus
586 2546 668 2602 nlllcii
691 2561 819 2617 personas
839 2549 956 2619 episcopi

168 2641 314 2701 orientales
340 2639 564 2697 archimandritas
587 2640 733 2709 appellant.
760 2638 809 2694 ilie
836 2653 900 2710 ergo
923 2640 957 2697 ad

169 2749 302 2792 summurn
315 2731 494 2790 sacerdotium
506 2729 584 2788 lanias
596 2729 722 2801 sudngio
736 2731 958 2802 comparandum,

170 2824 379 2885 intromittendus
406 2821 589 2894 cujuscunque
614 2822 740 2879 novitatis
761 2823 852 2879 studio
874 2837 958 2894 appe·

1005 2001 1329 2072 utrumqnelorniidans,
1352 2001 1403 2058 sub
1427 2003 1633 2072 temperamenti
1652 2002 1743 2058 medio
1756 2004 1798 2059 ria

1006 2095 1098 2160 tutior,
1111 2093 1138 2148 in
1149 2108 1202 2164 qna
1213 2092 1348 2164 duplicem
1360 2091 1535 2149 sonorantium
1545 2091 1735 2161 tiedeupierii
1745 2093 1800 2150 dii·

1010 2184 1084 2241 cerni
1095 2184 1208 2241 dicimus
1221 2199 1311 2254 posse,
1328 2198 1381 2239 non
1395 2183 1488 2239 dividi.
1507 2183 1599 2254 Neque
1613 2197 1664 2239 nos
1678 2183 1799 2250 nitimur,

1007 2285 1036 2331 ut
1050 2274 1211 2331 inviolabilis
1226 2273 1356 2330 Divinitas
1369 2275 1476 2331 dolores
1500 2254 1646 2345 cor'poroos
1669 2288 1798 2346 perpetu

1006 2367 1140 2432 credatur,
1154 2381 1214 2422 enin
1229 2366 1318 2422 omnis
1326 2375 1481 2422 cunctorum
1507 2379 1649 2435 corporum
1663 2365 1745 2422 dolor
1755 2379 1801 2423 so·

1007 2467 1127 2514 suturam
1141 2466 1254 2512 mortem
1269 2455 1384 2511 naturali
1399 2456 1514 2526 quodam
1537 2455 1673 2526 precedat
1695 2455 1798 2513 sihmo.

1008 2547 1201 2605 Undesientet
1215 2547 1271 2618 ipsa
1285 2560 1349 2603 earo
1370 2555 1473 2615 nostra,
1498 2545 1706 2603 resurrectionis
1729 2545 1801 2602 dorio

1008 2640 1180 2711 impassibilis
1193 2638 1281 2695 luitura
1307 2647 1494 2708 postmortem
1514 2645 1574 2695 est:
1588 2638 1627 2695 sic
1648 2638 1733 2707 Deus,
1754 2637 1800 2709 qni

1007 2733 1110 2788 sentire
1120 2732 1222 2789 nbltnm
1237 2744 1289 2786 non
1302 2737 1400 2801 potest,
1413 2740 1538 2801 suscepto
1550 2731 1657 2800 corpori
1682 2731 1725 2787 eiii
1739 2731 1799 2786 uni-

1009 2831 1052 2879 tus
1064 2821 1223 2889 adheserat,
1239 2819 1431 2892 sinepatiendi
1443 2820 1590 2876 acerbitate
1612 2822 1798 2893 compatiens,

170 2930 258 2978 tenter
270 2917 503 2982 ardescens,istud
512 2914 583 2986 quod
596 2916 623 2971 iii
637 2915 814 2972 sectatoribus
828 2916 886 2987 ejus
895 2915 959 2972 hor·
1008 2927 1059 2969 nec
1068 2911 1154 2968 deluit
1168 2912 1195 2969 in
1218 2911 1314 2968 salutis
1327 2920 1427 2968 nostrie
1436 2911 1555 2984 glorioso
1571 2925 1667 2984 agone,
1689 2926 1739 2968 nee
1751 2912 1800 2968 do-

169 3025 270 3080 remns,
284 3007 400 3065 susurris
422 3004 837 3077 dicitnrmagisinieiiisseqnam
851 3007 956 3064 litteris.
1010 3005 1068 3060 luit.
1082 3004 1272 3073 Contraliujus
1288 3002 1467 3059 distinctionis
1490 3017 1600 3059 sensuro
1624 3003 1737 3060 haeresis
1748 3004 1798 3060 ad·

169 3104 308 3175 Siquidem
335 3100 402 3157 nihil
424 3098 526 3156 exstitit
549 3100 630 3155 clarae
655 3098 814 3156 eruditionis
837 3099 865 3155 in
888 3100 957 3167 niro,
971 3095 996 3160 c
1011 3095 1293 3167 versaseinlnigene,
1314 3096 1386 3152 reris
1413 3095 1575 3152 cruciatibus
1589 3109 1641 3151 neo
1659 3095 1798 3152 Christum

170 3198 241 3268 quod
255 3196 281 3251 iu
293 3194 379 3264 aliqua
406 3192 471 3249 recti
490 3191 664 3249 similitudine
687 3206 795 3249 sensum
821 3202 958 3264 conceptu
1008 3189 1107 3257 patitur
1120 3185 1243 3242 inclinari
1259 3203 1266 3240 ι
1284 3200 1344 3241 eum
1359 3186 1387 3241 in
1408 3186 1465 3256 ipsa
1485 3185 1736 3258 divinitatemque
1758 3188 1800 3243 in·

170 3286 346 3343 animositatis
357 3290 501 3339 astrueret.
513 3281 618 3339 iniectis
632 3283 754 3352 primitus
766 3282 958 3339 monachornm
1010 3279 1099 3334 veniri
1112 3293 1165 3334 non
1181 3284 1270 3347 potest
1280 3276 1388 3333 atnietio
1398 3277 1555 3346 corporalis,
1565 3276 1699 3333 interdum
1711 3286 1801 3334 umen

171 3377 268 3434 animis
283 3376 462 3438 linerenenu,
479 3386 547 3440 quos
575 3372 677 3428 nelarie
691 3372 791 3428 docens
808 3372 960 3429 subcolnrs
1010 3370 1117 3440 pietatis
1130 3369 1280 3440 reperiatur
1306 3368 1422 3436 allectio,
1449 3368 1520 3424 sicut
1547 3368 1660 3440 legimns
1688 3369 1741 3424 dici
1767 3369 1802 3425 de

170 3465 343 3540 gubernaculi
355 3462 502 3533 naufragiis
517 3462 689 3533 exponebat,
711 3463 857 3528 numerosi,
873 3472 903 3519 ut
915 3477 961 3518 su·
1009 3458 1155 3517 israelitis:
1173 3458 1384 3514 declamauerunt
1401 3457 1436 3511 nd
1461 3459 1552 3524 Deum,
1575 3460 1620 3531 qui
1632 3458 1715 3513 doluit
1727 3475 1802 3531 snper

170 3572 217 3628 pra
234 3557 362 3622 diximus,
378 3553 520 3609 comitatus
537 3551 730 3609 heresiarches
752 3552 874 3618 ellectus,
890 3554 961 3610 miil-
1011 3554 1119 3610 nuceriis
1132 3567 1217 3606 cerem
1229 3547 1305 3621 (lud.
1321 3565 1349 3616 r,
1364 3549 1409 3616 l5,
1435 3547 1479 3619 lli)
1495 3567 1503 3616 ;
1518 3560 1545 3607 et
1560 3549 1704 3619 Apostolus
1724 3551 1802 3620 jubet

170 3658 258 3705 torum
274 3645 422 3702 antistitum
435 3644 704 3714 judicantecoueilio‚
714 3658 763 3700 neo
777 3659 830 3700 non
845 3655 872 3702 ct
886 3661 962 3717 pres·
1011 3657 1108 3704 utnon
1128 3644 1319 3701 contristemus
1337 3641 1465 3713 Spiritum
1487 3650 1607 3698 sanetum
1625 3641 1671 3697 nei
1690 3641 1799 3714 (Epicu.

170 3739 273 3810 hyteris
286 3738 360 3793 urbis
377 3736 470 3790 Romae
483 3735 548 3790 inid
562 3734 650 3805 ipsum
669 3734 790 3804 directis,
812 3737 960 3806 discussus,
1011 3754 1053 3806 ir,
1068 3738 1114 3805 30)
1127 3752 1136 3802 ;
1147 3745 1173 3791 ιι
1184 3735 1269 3804 siqua
1280 3732 1322 3787 liis
1335 3733 1469 3789 setiteniia
1482 3732 1579 3788 similis
1591 3731 1713 3789 insueris
1727 3731 1802 3787 voln-

169 3830 292 3886 deteetus
306 3836 387 3896 atque
402 3826 542 3882 damnatus
558 3833 608 3880 ιιι.
624 3824 676 3881 Sed
685 3826 745 3896 qnia
760 3826 862 3883 nullum
875 3829 962 3886 sebis·
1012 3830 1129 3887 minibus
1143 3826 1288 3893 recensita,
1300 3825 1407 3881 bonitas
1416 3827 1505 3897 potius
1516 3825 1708 3882 misericordie
1721 3840 1801 3897 quani

169 3935 212 3976 ma
225 3920 264 3974 sic
277 3930 393 3988 unquam
404 3930 464 3971 eum
479 3925 589 3972 auctore
611 3929 660 3972 sno
674 3917 762 3986 potnit
786 3918 918 3990 abrogari,
933 3927 962 3976 nt
1011 3920 1157 3977 necessitas
1168 3924 1210 3973 est
1223 3924 1336 3971 naturae.
1347 3915 1801 3986 interimliicnnsequentihnsdito·

168 4025 201 4064 ts
216 4008 320 4078 integro
335 4006 482 4075 depelleret
493 4005 637 4075 perniciem
652 4007 800 4077 magisterii
812 4025 820 4076 3
832 4024 894 4065 mou
905 4025 962 4066 ma·
1012 4025 1072 4068 runi
1086 4009 1236 4065 assertione
1246 4005 1340 4073 dilata,
1352 4007 1441 4063 unitas
1465 4006 1531 4061 milii
1555 4008 1581 4062 iii
1606 4005 1713 4064 Christo
1739 4006 1802 4063 sub·

169 4099 224 4155 luni
239 4097 310 4168 quod
325 4097 406 4166 digna
420 4095 575 4166 pontillcum
597 4095 684 4152 luerat
697 4099 850 4167 provisione
872 4101 962 4157 succi·
1011 4097 1239 4168 stantiaednplicis
1263 4105 1409 4152 astruetur.
1434 4096 1485 4153 tini
1503 4105 1566 4153 sunt
1585 4098 1657 4153 enim
1678 4107 1751 4152 tanta
1773 4099 1800 4154 iu

169 4205 240 4254 snm,
255 4187 379 4259 oonugio
393 4195 577 4256 susceptorum
597 4186 654 4257 jani
670 4189 773 4257 pridem
788 4189 890 4246 semina
904 4206 961 4251 ser·
1011 4190 1158 4261 scripturis
1178 4187 1298 4244 coelestia
1323 4188 1452 4259 mysteria
1484 4189 1624 4255 veritatis,
1652 4204 1712 4259 (ιιι
1734 4189 1801 4245 nihl

172 4279 379 4347 runs,ielntab
405 4279 502 4334 inlecta
524 4278 594 4335 loliis
616 4278 715 4336 tellure
737 4284 865 4337 surrexit.
894 4283 961 4338 Nino
1013 4282 1085 4339 aliud
1101 4279 1256 4348 moliuntur,
1269 4278 1321 4333 nisi
1335 4289 1365 4334 ut
1392 4279 1470 4335 nobis
1494 4280 1705 4336 incarnationem
1721 4279 1801 4336 terni

172 4384 244 4429 nunc
257 4370 394 4427 hereseos
407 4376 500 4424 eontra
513 4383 592 4438 quam
607 4368 752 4440 loquimur,
766 4371 855 4427 audite
864 4386 961 4444 propo·
1012 4390 1073 4434 enin
1090 4371 1207 4430 hominis
1220 4369 1359 4426 divinitate
1380 4372 1562 4440 persuadeant
1577 4372 1588 4426 l
1613 4369 1648 4424 ln
1662 4371 1800 4444 principio,

204 4553 219 4584 ⁸
238 4541 421 4622 Celeberrimo
447 4538 677 4622 constantinopoli
701 4544 864 4600 monasterio
887 4560 956 4615 pre·
969 4549 994 4610 1)
1007 4547 1143 4619 concepit,
1159 4546 1243 4601 heum
1254 4544 1370 4616 deniqne
1383 4545 1411 4602 in
1425 4543 1533 4604 Christo
1543 4562 1604 4605 esse
1618 4558 1726 4620 natura,
1747 4567 1800 4610 nor

170 4613 252 4669 luisse
267 4621 379 4668 testatur
393 4608 534 4664 Liberatus
549 4625 574 4663 in
589 4610 738 4674 sreiiarim
755 4613 802 4667 sed
818 4626 954 4672 monaste·
1009 4620 1105 4691 gratia.

169 4685 202 4739 rii
217 4696 329 4744 nomen,
355 4692 405 4734 nec
418 4678 476 4745 ipse
497 4692 547 4733 ιιι
561 4678 606 4732 alii
622 4679 748 4747 produnt.
772 4681 821 4738 llic
837 4685 955 4742 numinis
1046 4699 1057 4728 ι
1084 4688 1185 4743 Nurum
1205 4688 1318 4744 alterum
1339 4693 1441 4741 tuntnm
1466 4683 1624 4744 admittebat
1646 4688 1798 4760 Nestorius,

169 4752 212 4808 sul
228 4750 350 4806 haereslm
364 4747 604 4830 condereadorsus
619 4750 868 4818 annoChristilli,
880 4754 957 4810 darn·
1010 4769 1134 4814 neutrum
1160 4757 1311 4829 Eirtycbes,
1344 4766 1484 4827 utrumqne
1510 4756 1630 4813 Ecclesia
1655 4761 1798 4820 catholiea.

170 4826 313 4903 natusest
340 4830 454 4899 primuni
485 4832 512 4871 in
535 4816 637 4898 synodo
662 4816 954 4902 constantinopolitana
1010 4829 1150 4883 Nestorius
1164 4828 1247 4893 enlm,
1271 4834 1302 4881 ιι
1314 4825 1415 4881 dicium
1436 4835 1488 4894 est,
1514 4826 1654 4896 beiparam
1673 4834 1800 4902 negabat,

170 4889 299 4953 flottam,
314 4885 411 4969 deind?
423 4901 450 4969 ¹¹!
463 4899 626 4942 oessllmefflcl
639 4886 861 4946 Cb³¹⁰0d⁰llell³h
1009 4897 1204 4964 christiparae
1220 4895 1408 4961 eonlilehatur,
1421 4897 1467 4951 sed
1483 4900 1609 4955 heretico
1619 4913 1711 4964 sensti,
1723 4902 1801 4959 cliri-

205 4956 221 4998 Β
237 4956 349 5038 Entgchi
372 4955 467 5036 tribuit
481 4955 551 5027 quod
567 4955 690 5013 Nestorio
712 4962 887 5028 congruebat.
902 4961 955 5020 Ne·
1010 4976 1080 5023 stum
1095 4981 1219 5022 asserens
1235 4966 1370 5021 hominem
1387 4967 1572 5023 tantummodo
1592 4969 1721 5025 siblaria
1736 4988 1800 5042 pro·

170 5027 246 5087 storii
258 5041 329 5082 enini
343 5024 626 5095 crustumerium
644 5027 754 5083 Narium
768 5032 883 5089 sinim
900 5048 954 5091 non
1010 5037 1103 5093 diisse.
1121 5034 1256 5106 Eutyches
1271 5050 1345 5098 tero,
1355 5050 1414 5090 eum
1425 5050 1532 5091 earnem
1545 5037 1579 5092 de
1590 5039 1660 5094 ccelu
1673 5040 1800 5099 habuisse

171 5112 232 5180 esse
246 5095 397 5161 dicendum,
410 5097 457 5152 sed
469 5095 647 5178 sparsorium.
658 5097 725 5152 Tota
736 5098 816 5169 igitur
829 5103 953 5174 epistola,
1006 5107 1157 5173 Christum,
1175 5119 1224 5161 nec
1237 5105 1274 5160 itti
1289 5119 1303 5159 ι
1319 5104 1399 5160 llarin
1412 5106 1588 5161 ministratum
1600 5109 1720 5175 doceret,
1733 5112 1800 5168 nllill

171 5178 222 5225 etsi
237 5165 318 5222 hahet
335 5179 399 5235 quie
415 5164 527 5246 Eutychi
551 5165 741 5249 adversentur,
757 5171 891 5239 precipue
916 5183 955 5228 ta·
1007 5190 1096 5232 eausrs
1109 5175 1201 5230 babuit
1214 5189 1262 5229 cur
1276 5174 1324 5231 Ilei
1339 5184 1385 5229 aut
1397 5172 1497 5231 Christi
1511 5184 1622 5231 matrem
1638 5180 1798 5247 appellaret.

171 5252 234 5294 men
248 5235 377 5291 adsersus
389 5236 542 5292 Nestorium
556 5238 676 5318 dimicat,
698 5251 743 5307 qni
756 5239 823 5296 duas
834 5241 861 5297 iii
876 5241 956 5298 curi-
1005 5248 1040 5302 At
1049 5244 1270 5301 lidosortbodnia
1279 5245 1652 5315 utrumquesicampleetitnr,
1662 5260 1801 5306 ntutrum-
1842 5291 1844 5300 .

171 5316 214 5363 sto
226 5318 353 5388 personas
367 5305 511 5386 statuebat,
526 5319 606 5360 unani
621 5306 680 5373 hei,
700 5309 811 5389 alteram
826 5311 952 5379 hominis,
1005 5331 1058 5385 que
1071 5316 1098 5369 in
1114 5324 1227 5382 utroque
1241 5314 1320 5369 tacite
1334 5316 1501 5384 prullteatur.
1527 5316 1667 5372 Nemeum
1682 5320 1708 5373 iri
1720 5319 1801 5375 cliri-

170 5377 333 5456 Nariumque
350 5373 444 5457 ,²¹?b²⁸
465 5389 518 5430 non
537 5374 620 5456 Deum
636 5391 781 5458 peperisse,
791 5381 854 5462 ‘sed
869 5381 955 5438 homi-
1005 5394 1048 5441 sto
1062 5384 1146 5441 Deum
1162 5384 1195 5438 ab
1223 5384 1331 5464 homine
1347 5398 1399 5438 non
1413 5382 1534 5466 diuellat,
1558 5401 1608 5441 nec
1622 5386 1760 5445 hominem
1772 5392 1799 5446 in

170 5441 605 5597 ιιιιιιιιιιι
616 5445 759 5574 ιιι
770 5450 955 5602 stituit
1005 5452 1800 5595 ιιιιιιιιιιιιιιιιιιιιιι

171 5587 275 5641 stantiae
289 5598 441 5655 personam,
453 5599 529 5653 aeque
544 5584 590 5640 liei
602 5584 698 5666 Filium
709 5595 737 5644 ιι
746 5589 862 5646 bominis
872 5589 954 5646 luisse
1005 5607 1078 5660 earo,
1096 5595 1176 5649 homo
1187 5594 1213 5650 iu
1228 5592 1284 5650 lleo
1299 5591 1370 5650 [leus
1389 5603 1444 5664 ssi,
1466 5604 1496 5652 ut
1509 5596 1627 5666 loquitur
1639 5598 1800 5658 Vincentius

174 5668 251 5722 gisoni
266 5655 345 5711 Pater
363 5655 422 5710 sine
445 5664 531 5711 matrs
552 5665 653 5726 gennit,
676 5659 789 5727 genitrix
801 5661 861 5718 sine
875 5669 953 5732 putre
1004 5661 1162 5720 Lirinensis.
