3816 6120
162 256 193 312 ll
842 250 978 311 assisii
996 252 1099 310 PAPAE
1120 252 1129 307 l
1772 256 1805 312 lb

161 380 264 429 amator
276 369 315 444 (ι)
338 368 404 428 cleri
418 378 447 426 et
461 382 628 440 pauperum,
645 374 672 424 et
687 367 787 423 clerum
803 369 951 439 ampliauit.
967 376 993 436 A
1008 371 1088 437 drea,
1106 372 1148 424 via
1160 367 1289 425 Lauicano
1306 367 1333 423 in
1349 368 1460 425 fundum
1473 371 1499 424 in
1515 371 1577 425 riila
1594 379 1711 440 pertint.
1729 372 1803 429 Fecit

143 459 210 538 illic
231 464 353 521 liberarit
376 479 392 518 a
408 462 527 532 periculo
542 461 618 518 famis
632 461 767 517 ciuitatem
792 461 951 517 Romanam.
1007 472 1096 519 autem
1112 471 1141 518 et
1155 462 1293 517 basilicam
1316 472 1417 516 sanctas
1439 462 1528 517 blarise
1543 463 1585 516 ria
1598 464 1759 518 Lartretrrina
1777 468 1802 521 irs

160 557 211 612 llic
234 555 297 611 fecit
317 555 492 611 constitutum
511 554 545 608 de
564 553 637 608 oarrri
658 552 789 608 Ecclesia.
804 551 842 625 (a)
869 554 953 623 liujus
1006 551 1089 610 fundo
1111 552 1238 622 Crispini,
1262 551 1386 608 milliario
1410 553 1444 606 ab
1460 553 1531 609 Urbe
1545 554 1590 608 ab.
1616 553 1654 623 (bi
1671 554 1719 609 llic
1733 554 1800 610 fecit

160 647 326 718 temporibus
340 647 436 703 iterum
457 647 530 703 venit
544 645 638 701 relatio
657 645 691 702 de
704 645 806 702 Ctaecis
819 689 826 711 ‚
839 647 954 715 eoquod
1006 645 1124 715 quinque
1149 645 1233 700 libros
1253 643 1383 700 adversus
1403 643 1555 701 Nestorium
1584 655 1612 701 et
1633 644 1800 715 Butychem,

161 739 244 795 multa
264 738 334 794 mala
351 747 379 794 et
400 737 543 794 homicidia
566 736 689 794 frerenta
712 737 793 793 Petro
807 745 835 794 et
856 736 955 793 Nescio
1006 736 1100 809 (Biryui
1115 736 1194 790 hodic
1210 736 1236 789 in
1249 735 1410 791 bibliotheca
1423 745 1450 791 et
1463 736 1574 791 archivo
1588 737 1804 794 ecclesiaeconri-

161 830 470 900 Constantinopolitano.
494 827 596 883 Eodem
611 837 732 896 tempore
745 827 851 897 fugiens
873 828 957 883 loan-
1007 836 1116 883 nentur.
1133 826 1209 882 Fecit
1227 834 1255 881 et
1269 826 1383 899 hymnos
1399 827 1424 882 ia
1439 828 1548 883 modurn
1573 828 1644 884 beati
1668 831 1801 886 smhraii

163 938 212 979 nes
226 921 423 978 Alexandrinus
436 918 578 990 episcopus
594 918 744 975 catholicus
756 919 830 976 venit
843 920 955 974 Damam
1007 917 1137 988 episcopi.
1152 917 1218 972 ltem
1240 916 1307 971 duos
1332 917 1416 973 libras
1441 918 1573 973 adversus
1595 921 1700 974 Arium.
1731 921 1806 975 Fecit

162 1013 195 1068 ad
218 1012 309 1068 sedem
329 1011 516 1081 apostolicam.
543 1010 627 1078 Quem
643 1010 673 1064 B.
699 1010 823 1066 Celusius
838 1010 957 1079 suscepit
1008 1009 1092 1064 eriam
1116 1019 1144 1064 et
1170 1019 1400 1064 sacramentorum
1423 1009 1594 1078 prefationes
1619 1022 1646 1066 ct
1669 1015 1805 1066 orationes

161 1119 222 1158 cura
238 1102 343 1173 gloria,
362 1103 405 1156 cui
425 1102 507 1156 etiam
521 1109 549 1156 et
563 1101 708 1156 secundam
724 1102 815 1156 sedem
831 1103 955 1170 praebuit.

162 1196 228 1266 lpsis
244 1195 410 1265 temporibus
421 1194 483 1249 iecit
495 1193 637 1264 synodum,
651 1204 677 1247 er
692 1193 765 1247 misit
780 1203 957 1261 pertractum

162 1288 301 1353 Orientis,
317 1289 452 1342 etiterum
467 1287 508 1360 (2)
519 1285 658 1342 damnarit
674 1287 872 1356 inperpetuum
889 1289 958 1341 dca-

162 1381 233 1435 cium
247 1389 274 1436 et
284 1379 411 1448 Petrum,
428 1379 450 1434 si
467 1394 519 1434 non
534 1378 573 1448 (5)
589 1380 768 1448 prenitentes,
784 1380 835 1433 sub
849 1376 957 1434 satisfa-

163 1471 252 1526 ctione
266 1470 360 1536 libelli,
370 1469 534 1540 postularent
545 1469 741 1538 penitentiam,
756 1466 796 1538 (i)
811 1467 958 1523 secundum

165 1561 356 1618 humanitatem
383 1561 477 1630 primae
498 1561 570 1616 sedis
594 1560 732 1615 scelesta.
756 1559 804 1614 liic
827 1558 961 1616 dedicarit

165 1652 304 1710 basilicam
318 1660 418 1706 sanctur
434 1651 591 1721 Euphemias
604 1651 731 1722 martyris
751 1649 900 1706 incivitate
915 1649 960 1703 fi·

1011 1109 1090 1155 cauto
1100 1110 1272 1166 sermone,et
1280 1099 1407 1168 epistolas
1418 1098 1479 1155 frdei
1491 1101 1600 1157 elimato
1614 1117 1740 1157 set-numa
1753 1104 1804 1172 (6).

1012 1190 1125 1246 hlultum
1141 1190 1191 1245 sub
1203 1190 1282 1258 hujus
1295 1191 1450 1260 episcopatu
1463 1191 1551 1246 clerus
1565 1193 1664 1246 crevit.
1682 1194 1730 1245 llic
1745 1194 1807 1247 fecit

1011 1281 1197 1337 ordinationes
1211 1280 1278 1335 duas
1290 1281 1330 1350 (li
1346 1282 1373 1336 in
1385 1281 1451 1337 urbe
1471 1282 1556 1338 Nema
1572 1298 1620 1352 per
1634 1299 1738 1337 mens-s
1755 1285 1806 1338 Fe·

1013 1372 1149 1426 bruttium
1164 1381 1189 1426 er
1201 1371 1396 1439 Decembrem,
1412 1373 1586 1446 presbyteros
1602 1375 1709 1446 triginta
1723 1377 1806 1442 titios,

1012 1463 1139 1518 diaconos
1154 1462 1233 1533 duos,
1260 1464 1403 1534 episcopos
1426 1479 1475 1534 per
1497 1465 1607 1522 diuersa
1619 1466 1676 1520 loca
1694 1483 1808 1523 numero

1012 1555 1151 1624 sexaginta
1170 1560 1284 1622 septem.
1296 1554 1347 1622 Qui
1360 1554 1442 1611 etiam
1459 1556 1582 1626 sepultus
1596 1566 1638 1613 est
1651 1560 1679 1614 in
1699 1557 1807 1615 basilica

1013 1646 1086 1702 Beati
1102 1646 1174 1702 Petri
1192 1647 1325 1716 apostoli,
1340 1647 1485 1704 undecima
1498 1649 1624 1706 calendas
1642 1651 1806 1708 Decembris.

167 1741 472 1810 burtiua,milliarioiii
492 1741 621 1798 abDrbe.
638 1740 959 1797 Dedicatitautembasi-
975 1749 998 1812 Β
1014 1738 1048 1792 Ει
1079 1745 1139 1808 post
1165 1737 1267 1794 obitum
1295 1737 1354 1809 ejus
1388 1740 1508 1798 cessarit
1542 1743 1713 1814 episcopatus
1750 1744 1808 1801 dles

166 1837 232 1894 lices
245 1835 312 1890 alias
325 1842 480 1891 sanctorum
501 1833 627 1888 Nicandri
642 1842 669 1890 et
694 1831 842 1889 Eleuthctii
863 1842 891 1887 et
905 1830 963 1885 sn-

203 1995 241 2067 (ιι)
253 1995 317 2062 Qua
333 1995 366 2049 de
379 1993 477 2049 beneio
489 2001 517 2049 et
530 1994 609 2048 Petro
622 2034 629 2056 ,
643 2002 768 2062 tanquam
783 1992 960 2049 uirentibusa

167 2067 277 2123 Gelasio
291 2065 440 2129 damnatis,
464 2073 557 2118 auctor
579 2063 714 2132 adiungit,
741 2061 834 2132 procul
859 2077 874 2115 a
896 2075 961 2116 reto

167 2136 315 2195 abhorrent
328 2151 334 2188 :
348 2135 403 2204 jam
426 2135 497 2188 enirn
513 2142 576 2187 ante
590 2133 732 2186 damnatos
744 2143 771 2186 et
785 2132 839 2185 rita
853 2132 960 2185 functos

167 2220 230 2264 csse
248 2204 365 2261 diximus
385 2217 465 2270 supra
485 2203 512 2258 in
528 2203 599 2256 notis
624 2203 657 2256 ad
680 2203 763 2255 uitam
779 2211 806 2256 et
819 2200 959 2269 epistolam

168 2285 271 2334 sertam
283 2274 389 2330 Felicis.
405 2274 470 2329 irem
485 2271 512 2326 irs
525 2272 596 2327 noris
606 2272 638 2325 ad
653 2272 796 2325 concilium
811 2270 960 2325 llomanum

168 2346 219 2404 sub
230 2345 320 2402 Felice
333 2345 364 2400 ΙΙ.
379 2344 473 2399 Posset
486 2341 549 2407 dici,
561 2342 632 2410 quod
646 2343 739 2394 horum
750 2342 805 2409 jam
820 2340 960 2395 damnato·

168 2433 229 2473 rum
243 2427 271 2471 et
285 2423 451 2469 osortuorum
471 2413 614 2467 occasione
635 2414 716 2466 muira
728 2409 961 2479 Coostaminopoli

168 2497 246 2559 gesta
261 2486 369 2542 fuerint.
385 2484 449 2538 Ser.
465 2482 566 2536 Brsrus.

204 2557 244 2630 (h)
258 2556 314 2610 llos
324 2553 425 2624 grande
437 2562 462 2608 er
493 2552 631 2606 raeclarum
647 2551 771 2605 rolrrmen
783 2550 865 2605 luisse
878 2557 961 2605 resta·

170 2639 215 2685 rur
240 2626 396 2683 Gennadius
411 2624 445 2679 de
468 2568 566 2692 greipi.
590 2621 741 2676 ecclesiast.
769 2635 829 2689 cap.
852 2619 897 2685 ll,
922 2621 963 2674 his

169 2696 260 2754 uerbis
277 2716 284 2751 :
310 2693 428 2749 Celusius
455 2693 524 2746 urbis
540 2691 630 2746 Nourre
642 2693 776 2761 episcopus
794 2691 898 2759 scripsit
913 2693 961 2743 od·

170 2783 257 2824 susus
272 2764 439 2836 Eutychetem
450 2770 474 2817 et
489 2761 638 2817 Nestorium
657 2761 756 2831 pronde
774 2770 797 2815 et
809 2759 963 2831 praeclarum

170 2837 308 2902 uolumen,
342 2845 366 2890 et
393 2842 514 2888 tractatus
539 2833 698 2886 diuersurum
726 2833 914 2901 scripturorum
940 2841 963 2883 et

170 2918 390 2965 samastreurotunr
404 2904 492 2958 limato
505 2918 634 2966 territans,
650 2911 703 2958 etc.
716 2900 793 2957 Unde
806 2912 876 2970 pater
891 2902 963 2971 qurrd

174 2978 280 3035 libellus
293 2976 343 3032 iste
358 2974 621 3030 deDuabusNaturis
636 2981 730 3027 contra
746 2972 921 3042 Burycbetem
937 2981 964 3026 rt

171 3047 324 3107 Nestorium
337 3045 537 3100 iaDibliotheca
552 3056 708 3099 sanctorum
720 3042 828 3097 Parrum
843 3054 962 3098 exstans.

172 3121 265 3188 sicam
287 3115 418 3186 incipiens
433 3131 440 3169 ι
456 3113 637 3170 Necessarium
648 3129 747 3184 quoque
759 3114 819 3183 fuir,
833 3124 899 3178 ete,
911 3112 964 3168 Ce-

172 3190 239 3246 lasio
251 3186 374 3244 Romana
388 3185 505 3255 pontifici
520 3185 629 3240 attribui
645 3199 700 3239 narr
713 3184 813 3252 possit,
830 3183 963 3253 siquidem

172 3273 285 3332 ytsrrum
298 3259 431 3312 duntaxat
444 3254 603 3324 opusculum
618 3254 671 3321 sit,
686 3255 766 3308 unius
778 3253 837 3308 libri
855 3253 966 3321 periodo

173 3329 358 3388 terminatum.
375 3326 437 3381 llaec
453 3325 605 3381 communis
620 3324 770 3380 doctiorum
786 3325 903 3379 uirorum
918 3339 967 3378 oo-

173 3399 222 3457 stri
233 3396 326 3455 saeculi
335 3394 479 3460 sententis,
491 3394 666 3449 confirmatur
696 3394 792 3448 timum
807 3409 840 3448 ex
852 3409 885 3450 eo
895 3394 966 3464 ryuod

174 3479 269 3526 auctor
282 3466 388 3538 allegati
411 3465 534 3537 opusculi
551 3463 659 3518 Eusebii
675 3409 849 3519 Caesariensis
867 3466 965 3533 scripta

175 3538 318 3613 plurimum
331 3535 513 3600 commendat,
527 3550 587 3603 que
599 3533 721 3589 Celusius
732 3534 849 3605 pontifex
861 3534 886 3589 itt
901 3535 968 3588 acris

175 3609 281 3666 concilii
296 3607 409 3662 Romani
424 3605 491 3660 inira
509 3607 579 3660 inter
592 3618 675 3673 apocr
696 3603 745 3673 pha
761 3606 905 3659 recensuit.
920 3605 968 3660 Se·

175 3679 274 3748 cunda,
289 3677 361 3746 quod
378 3677 491 3743 plurima
506 3676 660 3731 Graecorum
677 3621 797 3740 istrum,
813 3674 966 3729 latinorum

176 3763 259 3822 pauca
275 3749 318 3803 rel
330 3746 404 3802 nulla
428 3744 741 3813 testimonia'producat,
758 3746 963 3815 adeorpueCrae·

176 3832 224 3877 cus
238 3820 416 3890 potiusquam
432 3816 543 3872 Latinus
556 3818 672 3884 scriptor
682 3828 742 3871 esse
754 3815 883 3869 rideatur.
901 3816 967 3871 Cum

176 3889 248 3947 euim
278 3888 434 3944 adduxisset
455 3886 607 3957 quindecim
635 3885 729 3941 Patres
750 3884 876 3952 Graecos,
901 3885 970 3942 duos

177 3969 281 4016 unium
297 3959 424 4023 Latinos,
441 3956 611 4012 Ambrosium
633 3964 661 4011 et
684 3957 825 4010 Damasum
849 3959 968 4023 profert,

177 4031 323 4103 Cypriane,
339 4027 457 4093 llilatio,
474 4026 648 4097 llieronymo,
661 4025 823 4096 Augustino,
836 4024 970 4081 innocen·

179 4102 238 4170 tio,
254 4099 365 4164 Leone,
381 4098 534 4168 Prospero.
550 4095 736 4165 similibusque
759 4095 819 4151 altis
840 4096 969 4151 omissis:

178 4185 246 4242 qnos
259 4170 310 4226 sibi
321 4171 476 4224 notissimos
487 4167 611 4224 Celusius
622 4166 741 4236 pontifex
756 4181 890 4291 nunquam
899 4167 971 4222 omi·

178 4244 269 4297 sisset.
292 4240 433 4296 Gennadio
446 4240 543 4294 ascribi
564 4239 678 4308 nequit,
694 4237 756 4307 quia
772 4248 809 4292 tra
832 4238 852 4292 ir
866 4253 896 4292 ss
913 4238 971 4293 illos

179 4325 228 4368 sex
243 4310 326 4365 libros
337 4324 389 4364 nort
402 4309 528 4364 adsersus
545 4307 738 4378 Furycherern,
756 4308 803 4361 sed
818 4307 970 4363 Nestorium

180 4381 333 4448 scripsisse.
355 4380 449 4435 l‘osset
467 4379 605 4442 statuisti,
630 4379 700 4446 quad
726 4394 758 4431 es
777 4379 971 4432 recentioribus

181 4450 258 4505 aiunt
272 4449 397 4515 plurimi,
415 4448 492 4517 hujus
508 4446 589 4501 libelli
605 4459 744 4502 auctorem
759 4461 820 4501 esse
835 4444 970 4500 Celashtnr

180 4521 374 4576 Caesariensem
386 4519 552 4585 episcopum,
565 4518 641 4583 cujus
653 4517 774 4568 ruerrrinit
784 4526 893 4569 satiatus
910 4517 972 4570 llic·

181 4602 311 4662 ronymas
324 4587 359 4641 de
378 4586 476 4654 Scriyrt.
493 4586 642 4638 ecclesiast.
662 4599 721 4650 cap.
738 4584 805 4651 isti,
820 4585 891 4636 urrda
905 4600 971 4650 nors·

181 4677 235 4730 aue
254 4658 439 4714 Theodorctus
451 4656 477 4708 in
492 4655 604 4721 dialogis
619 4654 694 4721 plura
707 4653 809 4705 citavit.
822 4651 971 4706 lllrrstrrssi-
985 4639 1011 4697 Ι)

184 4743 243 4787 tuus
257 4726 401 4784 cardinatis
420 4723 548 4778 Batonius
564 4734 623 4790 post
637 4721 742 4788 luitpam
755 4719 834 4788 liujus
845 4721 883 4775 rei
901 4721 971 4774 inda·

183 4799 333 4873 potionem.
357 4794 533 4851 solertissime
548 4793 619 4845 iuter
632 4805 727 4845 omnes
747 4791 813 4843 alios
834 4793 972 4846 corrclrrdit

185 4873 263 4941 bajas
276 4865 359 4925 libelli
372 4867 406 4921 de
423 4864 529 4919 Duabus
545 4862 651 4917 Naturis
664 4872 757 4916 corttra
778 4859 969 4931 Eutyclretenr,

221 5022 262 5095 il)
279 5019 346 5077 Cori.
371 5018 436 5075 Luc.
460 5016 533 5083 lib,
561 5022 661 5069 urtsotos
688 5027 853 5082 pauperum,
882 5023 905 5066 et
928 5013 979 5067 cie·

188 5111 255 5237 W&
270 5104 363 5228 iilcem,
379 5166 402 5213 et
415 5159 505 5212 iterum
517 5157 596 5224 misit,
607 5165 631 5210 et
641 5155 781 5209 damnarit.

224 5234 253 5303 (5
285 5231 366 5295 idern,
384 5229 513 5298 poeuitctrs.

224 5304 266 5375 ti)
285 5303 313 5357 ln
333 5299 428 5357 eudem
448 5299 507 5352 cod.
534 5297 670 5352 teotradum
689 5293 871 5349 huntonituteur
890 5293 979 5360 prinroe

1018 1837 1131 1901 septem.

1013 1998 1041 2047 et
1052 1994 1280 2050 actortrmNicmni
1291 1996 1412 2062 concilii,
1421 2012 1481 2068 quae
1494 2011 1573 2067 supra
1585 2005 1650 2053 tom.
1659 1996 1679 2051 ll
1691 2008 1808 2065 exstant,

1014 2077 1096 2117 unum
1112 2066 1292 2132 eumdemque
1316 2081 1376 2121 esse
1394 2079 1553 2136 auctorem,
1575 2077 1630 2121 tum
1647 2070 1716 2136 qrrod
1733 2081 1810 2122 orro-

1014 2130 1094 2202 bique
1117 2133 1235 2189 fateatur
1261 2148 1291 2190 se
1315 2143 1458 2206 tritumque
1482 2152 1550 2208 opus
1564 2139 1767 2206 conscripsisse,
1783 2148 1809 2192 ur

1013 2211 1108 2257 cotttra
1121 2203 1304 2276 Eutychianos
1319 2207 1477 2271 hereticos,
1494 2217 1612 2274 tempore
1625 2208 1745 2260 Basilisci
1761 2210 1809 2261 im-

1014 2275 1145 2340 peratoris
1171 2276 1243 2329 circa
1267 2289 1366 2330 annum
1391 2275 1496 2330 Domini
1519 2276 1572 2331 tra
1599 2276 1808 2342 invalescentes,

1013 2342 1092 2398 fidem
1108 2343 1287 2400 orthodoxam
1307 2344 1552 2411 defendere131um
1575 2348 1654 2400 etiam
1672 2347 1743 2415 qrtrid
1758 2348 1811 2400 Ert-

1012 2411 1118 2468 sebium
1133 2413 1330 2470 Caesariensem
1340 2416 1496 2484 episcopum
1509 2415 1648 2485 utrobique
1664 2417 1810 2484 plurimam

1015 2482 1123 2550 laudet,
1139 2498 1254 2554 errorique
1274 2485 1358 2539 titulis
1373 2498 1471 2555 magno
1486 2484 1564 2540 alicui
1578 2487 1728 2540 orthodoxo
1743 2500 1811 2540 con-

1014 2553 1186 2608 venientibus
1200 2563 1327 2618 exornet,
1341 2563 1370 2609 et
1383 2569 1396 2607 a
1414 2554 1568 2623 srtspicione
1582 2555 1718 2610 haereseos
1734 2557 1812 2610 Aria-

1016 2639 1057 2677 nae
1081 2625 1160 2692 plane
1173 2626 1290 2690 eximat;
1310 2623 1381 2694 quod
1407 2624 1547 2694 utriusque
1570 2625 1755 2692 praelationem
1773 2627 1812 2680 iu-

1014 2695 1099 2749 tueati
1115 2696 1200 2764 prima
1211 2694 1301 2750 fronte
1316 2694 1469 2764 apparebit.
1488 2695 1545 2764 ipsa
1561 2710 1626 2749 tero
1639 2704 1697 2749 acta
1712 2696 1812 2752 Nicaeni

1015 2765 1121 2819 concilii
1147 2767 1231 2820 tribus
1248 2765 1328 2819 tamis
1355 2763 1551 2834 comprehensa
1569 2775 1679 2820 auctore
1703 2765 1812 2822 Gelasio

1014 2835 1167 2905 conscripta
1179 2848 1240 2890 esse
1255 2833 1353 2891 fatetur
1366 2833 1478 2889 Pitorius
1490 2835 1516 2889 io
1527 2835 1704 2902 Bibliotheca,
1721 2837 1811 2892 uerbis

1016 2905 1070 2959 illis
1085 2921 1145 2974 qrrae
1169 2920 1235 2974 supr
1268 2913 1341 2959 tomo
1356 2908 1475 2959 secundo
1489 2905 1671 2960 Consiliorum
1687 2906 1807 2973 ejusdem

1015 2975 1136 3031 historiae
1173 2920 1282 3043 praeire
1310 2983 1380 3029 sunt.
1418 2975 1549 3029 Eumdem
1583 2990 1648 3044 ergo
1675 2975 1813 3031 Gelasium

1016 3045 1178 3117 Cyzicenum
1204 3047 1282 3115 hujus
1298 3044 1381 3100 libelli
1405 3054 1542 3101 auctorem
1562 3060 1640 3109 esse,
1655 3044 1751 3116 dequo
1766 3048 1812 3102 diu

1017 3117 1183 3186 multumque
1206 3116 1335 3171 hactenus
1350 3114 1503 3170 dubitatum
1516 3114 1587 3178 fuit,
1603 3130 1664 3169 cum
1680 3117 1812 3171 cardinali

1017 3185 1133 3240 Barouio
1163 3185 1279 3242 libenter
1307 3184 1503 3240 concludimus.
1532 3185 1630 3240 Verum
1661 3185 1814 3255 quicunque

1020 3255 1126 3312 tandem
1151 3265 1246 3311 auctor
1272 3255 1351 3325 hujus
1375 3255 1458 3310 libelli
1485 3254 1574 3322 inerit,
1592 3258 1618 3309 in
1643 3255 1764 3310 doctrina
1779 3258 1813 3312 de

1020 3326 1323 3382 transsubstantiatione
1345 3325 1421 3394 panis
1435 3331 1463 3380 et
1474 3325 1528 3379 tini
1544 3326 1570 3379 itt
1586 3338 1754 3380 sacramento
1764 3341 1813 3380 eu·

1019 3395 1153 3451 charistia
1166 3395 1200 3451 ab
1214 3397 1274 3451 aliis
1288 3394 1427 3450 catholicis
1446 3394 1623 3464 scriptoribus
1641 3410 1695 3450 non
1708 3395 1813 3451 discre-

1019 3475 1074 3538 pat.
1089 3466 1164 3534 Quod
1178 3467 1250 3520 enirn
1265 3466 1323 3520 ait:
1339 3464 1400 3519 Noa
1412 3464 1504 3520 desiuit
1517 3465 1659 3520 substantia
1668 3464 1707 3519 ael
1719 3477 1814 3521 natura

1020 3539 1094 3606 patris
1105 3547 1129 3590 et
1143 3537 1194 3590 uitri
1206 3577 1213 3602 ,
1230 3535 1433 3604 intelligendum
1446 3546 1487 3590 cst
1501 3535 1641 3591 denatura
1655 3540 1682 3588 et
1694 3537 1813 3590 essentia

1019 3607 1211 3663 accidentium.
1237 3607 1375 3675 Frequens
1398 3607 1470 3661 enim
1495 3616 1537 3661 est
1561 3616 1589 3658 ιιι
1612 3605 1748 3660 communi
1764 3621 1813 3660 usu

1020 3678 1127 3733 dicendi
1157 3677 1306 3732 substantia
1319 3690 1367 3744 pro
1383 3685 1477 3730 natura
1488 3687 1516 3731 et
1528 3677 1643 3732 essentia
1655 3676 1813 3745 accipiatur.

1020 3749 1058 3804 lta
1078 3748 1194 3817 crpitcar
1217 3747 1290 3801 hunc
1313 3747 1399 3801 lacum
1425 3746 1602 3802 Bellarminus
1614 3745 1661 3800 lib.
1678 3761 1696 3800 tr
1713 3745 1747 3801 de
1762 3748 1812 3801 Sa·

1022 3827 1163 3873 cramenta
1188 3816 1377 3880 eucharistiae,
1410 3831 1469 3885 cap.
1497 3817 1549 3880 ιις
1581 3815 1711 3871 Batonius
1743 3830 1814 3871 auno

1021 3889 1123 3945 Christi
1147 3888 1212 3953 sss,
1233 3902 1307 3941 nutu.
1336 3887 1370 3943 sb
1395 3895 1423 3941 et
1447 3894 1571 3957 sequent.
1587 3887 1658 3942 Ante
1673 3886 1814 3940 victoriam

1022 3974 1087 4030 ergo
1104 3959 1271 4027 triumpharat
1281 3956 1427 4014 lutherani
1439 3956 1574 4024 irretetici,
1586 3957 1631 4026 qui
1646 3971 1679 4011 et
1695 3957 1745 4011 hoc
1755 3957 1818 4011 loco

1023 4030 1174 4087 doctrinam
1189 4027 1366 4083 ortlrodosam
1380 4026 1414 4082 de
1426 4027 1724 4082 transsubstantiatione
1741 4026 1815 4093 patris

1023 4109 1051 4157 et
1062 4101 1116 4155 riui
1133 4100 1159 4154 in
1170 4106 1338 4154 sacramenta
1352 4096 1521 4153 eucharistiae
1535 4110 1654 4152 euersam
1667 4110 1726 4150 csse
1738 4096 1816 4163 iacti·

1026 4178 1093 4226 tant.
1112 4169 1224 4240 Reliqua
1244 4182 1305 4238 quae
1325 4182 1372 4238 per
1390 4167 1550 4222 calumniam
1565 4167 1694 4235 obiiciunt
1707 4166 1817 4221 Gelasio

1027 4241 1157 4310 pontilici,
1167 4240 1264 4306 partim
1275 4238 1448 4293 refutavimus
1459 4252 1539 4307 supra
1550 4238 1639 4292 verbis
1651 4235 1738 4302 Huius
1754 4247 1816 4289 rem-

1026 4309 1231 4378 poribusimauri
1239 4307 1307 4378 (Coi.
1320 4310 1347 4371 9,
1359 4318 1414 4361 trs-r.
1427 4307 1462 4375 0),
1473 4309 1568 4374 partim
1577 4306 1782 4361 infradiluemns
1791 4306 1817 4358 in

1024 4375 1818 4443 tornoGalasridednatlrematisfinettlo.DescriprisCela·

1024 4451 1056 4505 sii
1068 4451 1127 4504 ride
1139 4447 1313 4503 Passerinum
1322 4446 1348 4497 in
1358 4447 1493 4512 lipparatu
1502 4456 1590 4505 sacro,
1599 4444 1681 4497 verbo
1689 4445 1819 4499 Celusius.

1026 4521 1119 4573 Exstat
1140 4518 1262 4587 apologia
1276 4513 1375 4566 Gelasii
1395 4513 1526 4563 aduersus
1541 4511 1759 4566 Andromachum
1778 4533 1820 4569 se·

1024 4599 1146 4640 natatem
1158 4594 1325 4649 caeterosque
1339 4580 1476 4633 llomanos
1488 4583 1531 4649 ryui
1549 4580 1709 4646 Lupercalia
1723 4600 1820 4639 secuta·

1024 4656 1087 4710 durn
1103 4667 1204 4706 morem
1217 4653 1358 4719 pristinum
1369 4648 1482 4704 colenda
1498 4649 1712 4707 constituebant.
1723 4656 1818 4721 erarrr,

1025 4738 1058 4777 cx
1075 4721 1182 4776 Barorrii
1207 4719 1356 4774 Attnalihus
1373 4730 1528 4787 acceptam,
1544 4720 1638 4775 lectori
1660 4721 1728 4778 inira
1745 4728 1819 4780 eriri·

1025 4791 1208 4848 hendamesse
1226 4790 1389 4860 putarimus.
1406 4790 1471 4845 Ser.
1489 4792 1589 4846 Brsrus.

1826 4907 1833 4963 i

1029 5013 1098 5068 sedis
1115 5011 1236 5068 Bersera
1256 5014 1343 5070 deest.
1542 5006 1568 5051 ’ἃ

1067 5086 1095 5154 (5
1127 5085 1154 5138 la
1176 5087 1271 5140 eodem
1289 5086 1350 5140 cod.
1367 5088 1410 5154 qui
1433 5087 1541 5140 hodie...
1561 5089 1719 5142 corrrinetrtus
1732 5087 1819 5144 deest.

1066 5157 1095 5219 ili
1128 5154 1198 5210 lrlem
1213 5156 1287 5221 cod,
1301 5172 1417 5211 aestuans
1430 5159 1535 5213 multos.
1552 5158 1605 5211 Sub
1616 5162 1683 5229 ejus,
1696 5166 1748 5213 etc.

1066 5226 1106 5294 ti)
1126 5226 1153 5279 ln
1164 5226 1259 5282 codem
1276 5226 1335 5282 cod.
1353 5228 1379 5279 ia
1391 5228 1451 5281 utic
1464 5226 1547 5282 flama
1560 5230 1646 5284 deest.
1842 5233 1845 5237 ’

954 5599 1054 5655 'NON'
