3816 6120
138 230 184 286 lib
841 213 1007 274 EPlS‘lOLh
1027 215 1070 272 lll.
1720 231 1772 287 gg

137 348 222 402 adlauc
234 344 337 401 obitttm
351 356 386 398 or
398 350 493 398 uentre
506 338 635 406 debebat;
648 337 738 394 adhue
751 335 785 394 atl
796 335 924 392 intorma·
940 336 965 394 Α
980 353 1028 394 sua
1046 338 1117 414 tulgi
1131 341 1260 399 variantis
1270 345 1384 401 sentiret
1397 344 1498 416 opinio.
1520 348 1642 420 Cumque
1662 350 1774 408 dirersi-

138 440 236 496 tiouem
263 443 384 493 nostrata
408 437 552 490 exercebat
575 432 734 488 humilitatis
746 430 834 487 studia
848 430 928 487 etiam
982 435 1186 490 totesententite
1196 436 1334 506 populum,
1350 447 1395 492 aut
1411 454 1491 494 onom
1507 442 1653 499 erratibus
1665 445 1772 514 priscis,

138 534 162 588 in
175 547 260 602 opere
273 528 416 586 claritatis.
431 525 500 581 Cttm
512 522 643 580 cananaea
666 522 799 594 quadam,
815 519 930 576 credoli-
979 534 1027 581 aut
1039 525 1170 598 lloysem,
1180 528 1221 584 rel
1236 538 1309 585 certe
1324 528 1437 596 llcliaot,
1449 531 1525 588 illum
1535 535 1646 592 credere
1660 551 1772 609 sugges·

138 626 196 680 tatis
210 621 320 694 atridem
340 619 506 682 israelitica,
531 616 579 673 sed
600 616 688 687 gentis
705 616 810 683 aliena,
830 612 930 668 uirtute
980 617 1105 673 sissent:
1133 616 1185 674 l'or
1208 627 1304 688 auten,
1327 622 1424 693 inquit,
1449 641 1525 695 pust
1548 644 1588 684 ote
1610 644 1665 685 em
1687 630 1773 686 dictate

137 717 215 782 ririli,
255 714 385 785 petitione
412 709 552 778 laudabili,
592 707 773 764 obstinatione
806 704 927 769 uictrice.
981 708 1160 780 (Matthias,
1179 712 1254 783 t5)t
1279 712 1346 769 'lum
1369 715 1494 786 princeps
1514 719 1769 790 condiscipulorum,

136 808 241 865 Christo
254 821 303 878 pro
316 805 369 860 tilia
381 805 542 875 supplicaret
555 819 561 856 :
576 800 708 866 liberere,
720 799 855 870 iuquiens,
868 797 927 861 mei,
980 800 1138 872 principium
1155 804 1341 874 responsionis
1364 819 1516 874 assumens,
1544 809 1586 865 Tu
1607 827 1645 877 ca,
1672 813 1771 885 ingruit.

136 901 270 973 ploratu
286 897 396 970 (llattd.
410 912 454 964 rr,
468 895 533 968 22);
556 894 619 950 ricit
634 893 677 948 bic
692 906 788 948 sensus
802 889 929 945 interiore
980 888 1096 946 christu
1121 891 1207 950 Filius
1229 892 1279 951 Dei
1301 896 1359 953 viui.
1386 898 1517 957 Sultlccre
1541 902 1622 974 plane
1649 915 1773 975 potuer-at

137 993 269 1064 sapientia
292 1006 387 1047 sexum
412 989 513 1056 carnis,
538 1002 619 1057 supra
641 985 786 1041 humanum
807 981 889 1039 sentit
902 981 927 1036 in
979 979 1050 1048 quod
1074 981 1218 1039 confitetur
1236 983 1280 1040 hio
1303 985 1414 1053 Petrus,
1446 990 1552 1047 etiarnsi
1573 995 1624 1050 hoo
1644 1006 1776 1052 nontam

138 1087 258 1141 homine.
271 1083 329 1137 Non
340 1081 516 1152 acquiescunt
530 1075 690 1150 Eutychiani
704 1076 830 1131 doctores
843 1072 868 1128 ei
883 1069 928 1141 qui
979 1075 1119 1133 manifesta
1134 1079 1309 1148 responsione
1323 1082 1509 1141 confirmasset
1523 1087 1655 1145 Christus.
1675 1086 1773 1147 Beatus

137 1190 246 1252 propter
259 1176 464 1232 noscrucitisus
474 1181 515 1228 cst
530 1171 692 1242 supplicare.
716 1168 766 1223 lsta
781 1167 807 1221 in
823 1163 927 1222 crucill-
979 1182 1017 1232 ea,
1032 1168 1127 1238 inquit,
1143 1169 1234 1226 Simon
1248 1171 1301 1225 Bttr
1315 1171 1394 1238 lona,
1408 1178 1469 1246 guita
1483 1191 1542 1231 coro
1557 1189 1580 1232 et
1602 1181 1707 1251 sanguis
1720 1199 1772 1240 aaa

137 1269 223 1340 gundo
236 1276 265 1324 et
281 1267 449 1322 divinitatem
476 1271 584 1335 precata
606 1269 648 1317 est
668 1274 729 1330 quse
753 1273 807 1314 nou
823 1264 930 1327 poterat
978 1259 1099 1313 restituit
1110 1261 1164 1327 tibi,
1179 1263 1224 1318 scd
1240 1261 1318 1318 l'oter
1330 1269 1498 1338 assurgatis
1506 1267 1766 1347 coliscst(lbid.l7).

138 1365 213 1426 mori,
229 1369 259 1418 et
285 1360 480 1415 buroanitotem
507 1369 569 1426 quac
595 1361 700 1424 poterat
723 1351 856 1408 suscitari.
875 1348 929 1404 titt·
980 1350 1077 1406 Beatm
1097 1367 1137 1420 es,
1160 1353 1286 1425 inquam,
1310 1355 1371 1426 quia
1395 1368 1423 1412 ut
1445 1359 1529 1416 heum
1555 1376 1692 1428 cerneres,
1717 1379 1772 1419 nau

138 1455 216 1509 hond
238 1465 348 1509 carnem
370 1456 499 1514 resonat3
522 1447 640 1501 otisoerc
661 1445 709 1500 mei
730 1444 813 1501 heum
840 1441 929 1498 docla-
979 1457 1088 1498 caruem
1104 1446 1300 1516 tantummodo,
1325 1447 1374 1504 sed
1392 1457 1422 1505 et
1445 1452 1603 1520 sanguinem
1620 1454 1771 1509 censuisti:

134 1558 184 1604 rat.
207 1545 340 1603 Dominus
364 1542 426 1599 ctnli
442 1543 580 1598 invocatus
594 1546 637 1594 est
652 1538 678 1593 in
696 1538 794 1592 virtute
809 1552 815 1589 :
832 1543 928 1589 auctor
979 1536 1210 1593 necrerelandam
1226 1537 1273 1594 tibi
1288 1538 1402 1610 gloriam
1417 1557 1504 1598 meam
1516 1543 1677 1600 lincamenta
1699 1559 1771 1601 sum·

137 1638 252 1696 hominis
265 1645 378 1694 vocatus
388 1647 430 1692 est
441 1633 467 1690 in
478 1648 589 1705 genere.
605 1632 695 1702 Longe
703 1629 769 1700 jam,
783 1637 811 1685 ut
820 1627 926 1698 opinor,
981 1625 1019 1696 pti
1045 1628 1170 1699 corporis
1198 1630 1363 1688 obtulerunt.
1401 1632 1459 1689 Non
1487 1637 1608 1693 avertisti
1635 1652 1772 1709 generosae

136 1740 326 1805 postmortem
341 1728 437 1795 basto,
457 1727 491 1783 tle
504 1725 582 1798 cujus
596 1725 699 1781 semine
715 1721 794 1780 terris
810 1736 857 1792 per
871 1719 928 1776 lla·
944 1705 1078 1773 Bmeotis
1092 1728 1242 1789 aspectum,
1258 1722 1330 1792 qnod
1345 1732 1373 1779 et
1393 1738 1475 1781 carne
1492 1728 1626 1797 prolatum
1643 1739 1693 1783 est.
1718 1728 1771 1786 Sed

136 1826 199 1880 riam
219 1823 345 1879 christus
367 1820 478 1888 ellulsit,
504 1827 655 1888 temporum
681 1814 752 1871 serio
777 1813 928 1870 stemmatis
979 1805 1060 1864 Pater
1073 1822 1158 1877 metas,
1182 1810 1322 1881 quiestio
1338 1814 1427 1884 coelis,
1447 1817 1576 1874 revelarit
1598 1818 1646 1875 tibi
1662 1819 1771 1890 Filium,

136 1917 197 1988 egit
217 1913 346 1986 prosapia
360 1910 518 1969 ducebatur.
549 1909 634 1964 Pusco
659 1922 738 1976 nutrc,
756 1907 799 1962 lais
812 1921 927 1977 proavo·
979 1901 1021 1955 cui
1037 1900 1156 1956 adheret
1168 1902 1196 1957 iu
1211 1903 1310 1960 terris:
1327 1906 1403 1978 cujus
1423 1908 1508 1980 gloria
1531 1919 1690 1981 paupertate
1701 1928 1774 1972 nunc

136 2022 192 2064 rum
202 2005 424 2063 successionibus
437 2018 469 2059 ac
484 2012 625 2073 nepotum,
641 2013 674 2056 cr
692 2009 840 2054 memorato
852 2006 929 2067 patra
980 1990 1087 2061 tegitur,
1103 1992 1180 2063 cujus
1195 1993 1281 2050 honor
1294 1999 1465 2055 contumeliis
1479 2014 1551 2056 nuttc
1565 2001 1680 2058 celatur.
1702 2003 1772 2058 Peo-

136 2097 263 2168 usquead
275 2096 428 2167 uirgineum
444 2094 527 2149 letum
543 2101 599 2148 toto
613 2089 741 2146 derivate
761 2087 928 2143 baereditatis
978 2081 1059 2154 tlebat
1072 2082 1205 2155 siquidem
1220 2087 1247 2143 in
1261 2086 1326 2158 ligni
1336 2088 1462 2146 salutaris
1481 2092 1589 2149 excelso
1616 2093 1770 2163 triumphali
1812 2157 1816 2164 ,

135 2204 254 2256 recessu,
277 2184 473 2258 phantasmatis
496 2184 567 2241 linea
595 2184 720 2247 ducatum,
743 2195 776 2236 an
798 2179 926 2234 traducis.
979 2176 1191 2244 praeminentia,
1204 2179 1360 2236 mediatoris
1381 2182 1466 2237 nostri
1480 2196 1579 2254 corpus
1599 2185 1723 2252 attatum,
1743 2193 1771 2241 et

136 2276 562 2347 Porroautemambiguocaret‚
578 2271 928 2343 quodetdogencreoaro
979 2266 1189 2339 uuiuscujusque
1213 2273 1374 2327 senteutiam
1406 2273 1440 2330 de
1472 2274 1562 2330 cordis
1589 2278 1772 2346 penetralibus

138 2388 194 2427 rera
208 2371 352 2442 prooessit,
375 2378 403 2426 et
421 2367 579 2439 phantasma
593 2380 679 2437 genus
700 2364 800 2421 babere
812 2377 865 2418 non
881 2376 929 2433 po·
980 2359 1206 2418 uirtussalutitcri
1220 2362 1318 2433 stipitis
1332 2365 1467 2436 exigebat.
1491 2365 1618 2436 lajariam
1634 2368 1679 2424 ille
1698 2369 1773 2425 deri·

135 2467 189 2520 tait.
216 2464 397 2533 Experiamur
410 2471 512 2528 umen,
534 2466 623 2513 utrum
647 2456 783 2527 spreverit
803 2455 928 2510 Christos
978 2449 1069 2505 debat.
1083 2453 1208 2524 Eccoqui
1222 2454 1386 2523 destruebat,
1411 2456 1507 2527 inquit,
1523 2458 1650 2528 templum
1666 2459 1725 2529 llei,
1741 2469 1772 2515 ut

135 2557 254 2627 prateae
268 2553 435 2610 Caranitidis
450 2553 476 2607 in
494 2550 617 2606 oratione
631 2561 797 2612 sermonem,
820 2559 854 2600 au
870 2544 926 2600 tor·
979 2540 1045 2596 iliad
1061 2542 1150 2599 triduo
1163 2544 1325 2613 suscitaret3
1350 2546 1419 2603 alter
1440 2548 1508 2604 aceti
1528 2550 1665 2620 potionem
1685 2550 1771 2606 lerino

137 2646 212 2700 tassis
225 2654 371 2713 exasperet
385 2641 511 2711 ineptiam
523 2636 710 2709 supplicantis.
729 2636 750 2690 0
765 2635 867 2700 mulier,
880 2633 926 2700 ait,
979 2633 1040 2690 lcllc
1055 2648 1211 2707 corruptam
1226 2640 1345 2710 spongiae
1362 2640 1459 2710 poculo
1479 2642 1634 2712 porrigebat
1648 2643 1661 2713 <
1674 2641 1768 2696 Μιιιιι.

134 2752 225 2808 nogara
238 2744 276 2791 est
290 2735 354 2805 fides
369 2742 414 2788 tuo
430 2749 439 2788 .·
456 2732 501 2800 fiat
516 2730 562 2786 tibi
574 2731 640 2785 sicot
659 2729 707 2783 oia.
734 2728 762 2784 Si
786 2727 838 2782 ista
861 2725 928 2782 sudes
978 2728 1126 2801 ustuld).
1139 2727 1198 2797 lpse
1211 2737 1301 2787 tamen
1317 2747 1429 2788 servans
1445 2733 1515 2788 iuter
1539 2748 1633 2804 peenas
1652 2733 1770 2789 hominis

134 2833 184 2891 est,
207 2824 300 2895 utique
315 2837 412 2894 magna
433 2823 456 2877 si
470 2828 587 2887 constat,
600 2834 654 2874 utin
669 2819 721 2875 erit
734 2826 825 2882 recta;
840 2814 926 2871 altera
977 2819 1190 2877 misericordiam
1209 2821 1358 2891 creatoris,
1379 2825 1474 2882 dolens
1496 2841 1544 2882 eos
1556 2842 1605 2897 pro
1615 2826 1711 2896 ouibus
1723 2841 1770 2883 ae·

136 2925 208 2970 certe
230 2913 318 2969 tuerat
340 2911 374 2969 ad
390 2921 503 2968 matrem
524 2911 570 2966 itta
589 2909 741 2980 responsio,
764 2922 825 2963 com
840 2907 925 2962 conti·
978 2921 1055 2968 necat
1069 2912 1158 2969 adbuc
1172 2914 1222 2968 sub
1234 2923 1356 2985 tempore
1371 2917 1454 2986 ipsius
1466 2918 1656 2987 redemptionis
1666 2933 1768 2984 errare,

136 3016 207 3064 tante
228 3005 422 3077 discipulorum
443 3004 528 3061 choro
546 3004 621 3060 lestis
640 3002 805 3073 nuptialibus
830 2999 925 3055 inuita·
975 3002 1111 3059 clamabat
1133 3022 1140 3056 ε
1163 3002 1250 3072 Pater,
1275 3007 1379 3072 ignosce
1401 3007 1465 3074 iliis,
1489 3009 1551 3079 qut'tr
1572 3009 1688 3064 ηειιίιιιιι
1707 3010 1768 3079 puto

135 3111 186 3168 tus,
210 3098 356 3155 deficiente
368 3097 431 3152 rino
446 3098 479 3154 ad
493 3097 643 3153 iaciendum
659 3095 814 3151 miraculum
830 3108 923 3164 posce-
937 3065 962 3128 (ἶ
977 3094 1074 3165 faciunt
1094 3093 1171 3164 (Lac.
1184 3111 1265 3164 urttt,
1278 3096 1337 3167 dl).
1355 3097 1423 3166 Quid
1438 3107 1492 3165 cst,
1514 3099 1629 3154 nesciunt
1650 3101 1712 3170 guid
1726 3101 1742 3171 s
1760 3129 1767 3141 ·

137 3201 226 3258 retur;
241 3199 322 3261 atque
336 3189 400 3245 illc:
415 3188 484 3255 Quid
502 3189 565 3243 anibi
575 3197 599 3244 et
613 3188 659 3243 tibi
672 3196 720 3255 rat,
732 3186 824 3240 mulier
834 3187 846 3240 i
858 3202 924 3241 uoa·
977 3189 1058 3254 cittat‚
1070 3188 1315 3259 nisiquiacredunt
1327 3204 1357 3244 se
1372 3190 1457 3245 solum
1472 3191 1607 3247 hominem
1622 3191 1770 3247 adduxisse

136 3285 194 3338 dam
208 3282 522 3355 multimammiam.
537 3297 567 3350 u,
582 3279 620 3352 l).
639 3280 718 3336 l'elut
732 3280 754 3335 si
768 3277 839 3334 dicat
851 3295 857 3331 :
871 3277 925 3334 Cur
972 3278 1097 3350 judicio?
1111 3278 1217 3349 ignorat
1230 3278 1295 3350 quid
1310 3278 1401 3351 iaciat,
1425 3280 1470 3353 qui
1487 3297 1538 3336 non
1561 3281 1643 3336 sentit
1664 3281 1690 3336 ln
1707 3297 1769 3338 cru·

135 3377 198 3433 illud
214 3375 400 3432 tantummodo
413 3375 483 3445 quod
499 3376 626 3444 peperisti
640 3388 759 3430 essetne
774 3374 881 3429 cretlisl
894 3373 923 3429 Si
975 3375 1045 3429 ciato
1068 3387 1182 3443 corpore
1202 3373 1381 3444 maiestatem.
1408 3375 1443 3430 Et
1465 3375 1488 3431 si
1508 3375 1546 3431 illi
1573 3375 1657 3431 solius
1675 3375 1769 3432 matris

135 3472 183 3525 hoc
198 3468 286 3523 solum
304 3467 371 3523 mibi
383 3479 460 3538 butas
476 3475 602 3522 constare
612 3465 683 3535 guod
699 3465 787 3519 carnis
801 3472 853 3526 est.
869 3478 923 3519 non
975 3467 1058 3522 hlium
1074 3465 1226 3521 interficere
1241 3478 1271 3522 se
1286 3466 1427 3523 credentes
1441 3466 1503 3537 quid
1520 3466 1640 3522 lacerent
1660 3467 1767 3539 ignora-

135 3577 242 3632 possum
258 3560 396 3632 complere
410 3559 481 3631 qood
495 3558 589 3631 exigis.
603 3558 732 3615 Sublimia
753 3557 810 3612 brec
828 3571 888 3626 que
907 3570 923 3611 a
976 3559 1050 3628 baut,
1065 3574 1114 3615 cur
1129 3559 1217 3615 adhuc
1232 3559 1313 3615 hodie
1323 3559 1459 3631 Eutyches
1484 3560 1610 3629 ignorare
1630 3573 1660 3615 se
1679 3561 1767 3616 simu·

135 3671 176 3711 nte
186 3653 303 3725 requiris
316 3654 351 3710 de
365 3651 445 3708 Patre
459 3651 552 3718 attuli,
573 3664 626 3706 nort
646 3650 673 3706 io
691 3658 777 3704 matre
795 3647 921 3718 suscepi:
975 3655 1022 3723 lat,
1043 3653 1114 3725 quod
1134 3653 1158 3709 sl
1179 3654 1218 3709 illi
1234 3661 1298 3709 tunc
1321 3655 1446 3721 scissent,
1471 3653 1580 3709 Christo
1598 3661 1625 3709 ct
1646 3652 1769 3723 apostolo

134 3746 248 3803 lormato
262 3747 289 3802 in
306 3756 333 3802 te
350 3745 468 3815 corpori,
489 3745 578 3800 debita
597 3743 760 3799 infirmitatis
779 3741 924 3796 institutio·
975 3754 1152 3817 protestante,
1176 3761 1311 3816 antiquam
1335 3745 1478 3802 Dominum
1504 3748 1598 3818 gloriae
1616 3745 1769 3802 crucifixis·

134 3855 175 3905 ne,
202 3854 284 3909 opera
309 3838 415 3894 uirtutis
437 3836 566 3907 injungis.
592 3835 664 3890 Bene
685 3849 729 3890 me
753 3843 829 3905 putas
842 3848 923 3904 posse
974 3841 1052 3895 senti
1078 3840 1156 3896 Utttle
1179 3839 1250 3910 guod
1276 3838 1320 3895 bic
1344 3840 1474 3896 littoribus
1496 3839 1678 3896 nescientibus
1692 3849 1769 3910 optet

134 3932 202 4003 qood
218 3932 298 4001 petis,
315 3931 338 3986 sl
349 3938 386 3997 te,
399 3931 470 3984 sicut
484 3933 534 3984 mei
548 3927 679 3998 corporis,
696 3926 735 3982 tic
750 3934 863 3981 mollem
884 3924 922 3979 lui
975 3931 1086 3999 ignosci,
1100 3940 1206 3986 constat
1222 3941 1396 4000 expertorum
1421 3931 1593 3987 conscientias
1615 3945 1667 3986 uon
1688 3946 1767 3998 posse

134 4023 265 4093 itttelligas
278 4021 425 4078 Creatoris.
438 4019 515 4089 Quod
529 4020 552 4075 si
565 4016 824 4074 sulumtcetlidisse
838 4016 925 4070 homi·
974 4022 1097 4076 concedi.
1130 4019 1172 4076 An
1193 4021 1262 4077 iorte
1284 4022 1429 4086 miramur,
1457 4022 1527 4090 guod
1555 4031 1609 4076 tam
1624 4021 1768 4078 euidenter

133 4114 283 4179 nemrohs,
298 4112 414 4167 nondum
427 4112 493 4167 uertit
506 4111 569 4165 toro
591 4125 658 4164 ntea.
681 4109 766 4165 Nemo
779 4119 870 4164 autem
885 4108 924 4163 sic
975 4113 1095 4169 Christus
1112 4114 1245 4182 passionis
1265 4129 1321 4169 soe
1349 4114 1508 4185 mysterium
1533 4112 1658 4183 dignatur
1683 4128 1768 4183 expo-

133 4208 236 4276 ineptus
246 4203 413 4275 reputandus
426 4210 476 4270 est,
490 4213 517 4258 ut
533 4201 604 4257 istud
621 4201 692 4271 quod
706 4198 787 4268 tliait,
808 4200 924 4254 nondum
975 4202 1058 4258 nael
1082 4203 1175 4258 husim
1200 4204 1303 4271 dicere,
1327 4202 1456 4278 habentus
1480 4202 1524 4258 hic
1543 4202 1630 4259 edituo
1653 4202 1767 4273 amplius

133 4300 195 4353 omit
209 4299 276 4351 bora
291 4313 358 4363 mea,
379 4295 451 4351 velut
464 4309 557 4351 errore
573 4293 677 4364 gentili,
694 4292 846 4350 constitutis
860 4292 925 4347 velit
975 4294 1045 4364 quoti
1069 4295 1170 4350 mirari.
1198 4294 1330 4349 comitata
1355 4303 1412 4361 est,
1437 4305 1465 4350 ut
1486 4294 1582 4365 legitis,
1601 4293 1766 4352 dourrinicant

133 4387 253 4445 taratra-m
279 4387 427 4458 applicare.
456 4386 498 4442 htl
525 4383 727 4455 intelligendum
757 4383 830 4438 horas
852 4383 923 4437 illius
976 4398 1089 4443 tnortem
1102 4387 1381 4459 circumpendentium
1399 4388 1533 4446 latronum
1548 4387 1690 4458 conjuncta
1706 4404 1768 4444 cru·

133 4480 288 4551 ntysterium
317 4478 507 4535 discretionem
543 4477 631 4546 potius
659 4476 758 4547 requiri
785 4478 921 4543 conuenit,
973 4479 1076 4545 citlrio;
1096 4493 1164 4549 quos
1183 4488 1271 4534 tamen
1297 4479 1432 4535 temeritas
1451 4479 1568 4535 orttdelis
1587 4479 1691 4549 judicii,
1713 4496 1766 4535 nun

133 4588 207 4641 quarn
220 4574 361 4628 decretum
378 4590 384 4626 :
398 4571 540 4642 quodcum
552 4571 607 4640 ipsa
620 4578 835 4641 quoquenostrao
850 4586 923 4624 ntor·
973 4572 1081 4629 seruilis
1090 4570 1176 4640 culpae
1190 4571 1327 4638 meritum,
1341 4583 1530 4641 constraverat
1543 4571 1692 4628 itrttocenti.
1708 4570 1767 4627 lton

133 4667 239 4721 hlitatis
255 4665 375 4721 conditio
384 4681 437 4719 non
445 4665 569 4735 eligatur,
580 4664 627 4720 scd
639 4665 728 4719 omnis
742 4673 827 4720 status
838 4665 921 4721 nostri
973 4665 1045 4720 enim
1064 4675 1168 4733 poterat
1188 4664 1275 4719 sancti
1297 4665 1428 4734 germinis
1443 4665 1627 4733 incorruptum
1652 4663 1774 4720 tritonem*

132 4757 279 4814 ouesom
288 4756 473 4827 gubernatoris
486 4755 606 4826 papatui
620 4755 655 4812 sit
673 4756 797 4812 voluntas
807 4776 812 4809 :
823 4765 923 4828 quanto
973 4756 1069 4810 sicinae
1085 4754 1239 4824 pollutionis
1265 4754 1360 4810 horror
1379 4769 1542 4824 aspergere:
1559 4755 1625 4809 sicut
1640 4764 1667 4810 et
1680 4755 1733 4823 sol,
1744 4757 1767 4810 si

132 4847 212 4917 uagis
238 4845 378 4915 Gloriatus,
403 4846 449 4916 qui
473 4854 634 4916 potestatem
662 4845 778 4902 habebat
804 4848 920 4918 ponendi
975 4846 1080 4902 radium
1091 4847 1117 4901 iu
1129 4846 1269 4902 faeculenta
1282 4846 1668 4915 dimittat,intaetumprorsus
1682 4846 1768 4902 nescit

132 4939 247 4992 eitimam
260 4952 347 5003 suam,
366 4949 391 4992 et
406 4937 502 4994 iterum
515 4937 637 4992 sumendi
651 4952 711 4992 eam
723 4937 812 5009 (loun.
825 4956 852 5004 n,
866 4939 921 5007 itt),
975 4939 1076 4994 setrtire
1103 4940 1268 5009 contagium.
1294 4938 1394 4994 llorum
1421 4938 1501 5009 igitur
1526 4953 1596 4994 trous
1622 4939 1766 5007 latronum,

132 5029 200 5085 utillo
214 5043 246 5084 se
260 5027 307 5082 lati
322 5028 406 5083 soluit
420 5027 557 5098 implicare
577 5030 756 5098 proscripto?
783 5028 835 5085 Sed
860 5046 920 5085 curn
976 5030 1048 5100 longi
1064 5030 1175 5085 sceler-is
1185 5029 1526 5099 uitambreuiscompentlii
1538 5027 1591 5084 hoe
1602 5024 1768 5099 permittens,

131 5119 231 5176 tenerit
244 5118 377 5175 subeundi
389 5120 455 5175 hora
468 5119 595 5189 patibuli,
614 5119 781 5190 apparebunt
803 5123 922 5179 coelestia
975 5137 1008 5178 ex
1035 5122 1209 5178 interfectore
1232 5120 1364 5189 motans,
1393 5128 1493 5191 martyr
1526 5135 1558 5174 cx
1587 5118 1657 5185 lure,
1684 5134 1768 5174 nexus

130 5226 185 5279 uuae
210 5219 288 5280 pater
313 5211 416 5281 genuit,
436 5219 464 5267 et
482 5226 613 5279 corporea
637 5227 697 5282 gnte
720 5211 798 5268 aluus
816 5212 919 5271 effudit.
974 5216 1115 5280 membris,
1127 5215 1288 5271 criminibus
1302 5215 1450 5279 absolutus,
1467 5212 1632 5276 brusciano,
1647 5211 1768 5279 ¹liherai·

131 5301 197 5374 tago
211 5317 275 5359 cum
295 5301 353 5373 ipse
372 5302 499 5357 Dominus
514 5302 573 5367 bic,
603 5302 766 5373 perficiendo
791 5306 921 5361 miraculo
976 5313 1072 5369 lectu:
1095 5309 1215 5376 Domine,
1231 5311 1328 5381 inquit,
1344 5317 1467 5363 mortecto
1478 5306 1537 5375 aad,
1560 5323 1617 5362 cont
1631 5305 1728 5360 umeris
1741 5303 1768 5360 itt

132 5408 201 5452 acttts
212 5395 310 5463 diuini,
326 5410 378 5450 uon
391 5395 519 5464 repulerit
532 5395 701 5466 genitricem,
722 5397 768 5453 sed
785 5398 920 5456 instruxe-
974 5421 1081 5477 regnum
1095 5414 1178 5460 ruunt.
1191 5404 1213 5460 0
1225 5403 1312 5458 felicis
1325 5402 1461 5458 beatitudo
1472 5399 1632 5458 testimonii!
1647 5396 1767 5477 olnella·

131 5488 163 5542 rit
178 5489 357 5560 ignorantem,
382 5486 520 5543 rideamus
542 5487 604 5557 guid
627 5488 690 5543 hinc
704 5504 766 5545 curn
782 5491 921 5561 Apostolis
956 5496 1037 5553 ¹bitis
1056 5495 1188 5551 tortitudo
1202 5495 1347 5550 credendi!
1371 5493 1428 5549 llon
1449 5495 1542 5560 istum,
1561 5502 1589 5548 ut
1602 5489 1767 5545 divinitatem

134 5584 183 5637 suis
211 5591 326 5638 tractatu
357 5583 520 5652 impensiore
546 5582 699 5640 corrtulorit.
736 5582 921 5657 interrogabat
976 5590 1002 5645 iu
1018 5586 1127 5643 ltornine
1142 5585 1267 5652 sentiret,
1282 5584 1356 5656 sigua
1368 5584 1571 5650 uiccraot;sed
1586 5578 1692 5634 uirtutis
1705 5578 1766 5652 dilo·

134 5686 216 5733 natm
241 5689 287 5733 eos
301 5674 416 5746 quatiam
434 5674 569 5748 Etatrgclii
584 5676 655 5747 loto,
674 5694 733 5750 quo
751 5679 784 5737 de
799 5694 916 5751 persona
976 5681 1091 5765 ctionem
1107 5679 1294 5739 infirmitatum
1308 5679 1418 5753 collegit
1432 5677 1542 5736 intlicio.
1554 5670 1766 5744 concupiuit-ta·
