3832 6120
139 243 192 298 ata
779 240 808 297 S.
830 235 921 295 altit
938 234 1141 297 liunususts
1723 235 1774 292 ssd

137 368 235 411 eunteru
250 357 276 411 iu
291 354 392 414 colum.
414 358 518 414 liabent
532 372 599 430 ergo
613 359 640 413 iu
655 357 705 413 boo
719 369 844 411 sermone
859 349 929 422 quod
943 348 969 407 Α
984 354 1107 424 ambiguo
1119 353 1308 423 quaestionum,
1330 360 1377 408 ιιι
1398 351 1494 422 dignm
1513 349 1643 421 rescripto
1658 351 1775 421 posteris

137 458 246 518 sperent
261 448 356 518 quibus
370 449 528 519 phantasma
544 448 648 504 uidetur
664 462 725 505 esse
740 445 811 517 qnod
825 454 930 515 gestum
982 445 1146 501 reservando
1168 448 1285 515 potuer‘t
1310 445 1437 501 inueniri.
1453 441 1603 513 Catiuslibet
1625 449 1715 498 ιιιιιι
1728 456 1776 499 eo·

137 545 188 602 cst,
203 537 225 594 si
246 537 284 593 sic
303 538 391 594 reniet
410 537 547 608 quomodo
566 537 671 594 r'distis
690 552 751 593 eum
773 542 881 593 euntem
902 534 929 588 in
982 552 1040 593 rum
1055 538 1081 592 io
1094 551 1189 594 manus
1203 551 1307 596 vestras
1321 538 1393 594 dicta
1407 536 1590 608 peu-auertat,
1605 543 1709 605 saincte,
1723 534 1776 592 sol·

138 631 246 687 eoelum.
272 629 323 686 libi
340 630 466 685 sidebant
490 629 614 685 catbolici
634 645 713 700 quem
734 627 866 692 ambiunt,
885 624 931 679 ad·
982 629 1065 697 licite,
1089 628 1162 700 regie
1185 645 1232 686 sos
1256 637 1406 687 moverunt.
1431 627 1446 668 ¹¹
1471 628 1670 694 Paenitentiam,
1694 642 1776 699 quam

138 721 248 775 versarii
266 736 344 791 quem
364 721 548 787 coislixerunt;
570 721 614 776 ubi
629 723 662 775 ad
678 720 773 775 eadem
791 719 929 774 clarorum
982 720 1090 790 proprie
1104 728 1321 777 momentaneam
1338 720 1511 787 nominastis,
1537 718 1563 773 id
1585 726 1628 774 est
1649 719 1677 774 in
1697 717 1776 788 agri·

138 812 249 882 uestigia
265 827 324 882 qum
338 821 461 878 cernunt,
477 814 519 868 vel
535 813 595 868 illos
610 813 685 884 ignes
697 812 833 884 Eutyches
847 811 930 865 simut·
983 812 1074 869 tudine
1087 814 1163 881 quasi
1184 814 1235 868 sub
1254 821 1391 869 momento
1414 813 1510 868 mortis
1534 819 1683 881 acceptam,
1707 809 1776 868 nibil

138 903 206 959 latios
218 912 311 972 putare
321 903 435 970 desinat,
444 907 541 974 quibos
552 915 611 976 post
622 904 813 974 phantasmatis
828 903 929 959 isarnum
982 911 1029 956 aut
1053 902 1119 958 nulli
1146 903 1292 973 prodesse,
1316 903 1428 959 aduersa
1453 901 1556 958 ueritati
1584 912 1611 957 et
1631 900 1775 958 admodum

138 1007 198 1046 scra
219 994 386 1064 poenitudine
408 1004 537 1065 perpetuo
559 995 639 1050 torris
661 995 775 1051 ardebit.
800 995 838 1049 ιιι
854 994 931 1063 cuijus
982 993 1064 1047 cruda
1079 994 1199 1048 delinitio
1216 1004 1268 1049 est.
1286 993 1360 1062 apuu
1376 992 1493 1047 diuinam
1507 993 1606 1062 quippe
1621 991 1775 1047 misericor·

138 1083 279 1151 pristinum
296 1083 392 1155 dogma
409 1084 603 1152 denotandum,
622 1087 663 1142 rel
685 1086 858 1157 corrigendos
878 1086 930 1141 aii·
983 1084 1053 1138 diam
1069 1083 1111 1140 ιιι
1125 1085 1181 1152 ipsa
1206 1083 1342 1138 humilitas
1369 1082 1521 1140 conlitentis
1544 1081 1596 1137 dici
1619 1096 1672 1135 tros
1694 1080 1776 1138 debet

138 1173 305 1245 quandoper,
330 1178 400 1231 sicot
420 1177 567 1247 optandum
589 1189 641 1247 est,
662 1187 821 1246 sectatores,
846 1192 930 1247 pauca
983 1177 1071 1232 lructu
1085 1192 1189 1233 carere.
1204 1176 1270 1243 Quia
1284 1192 1345 1232 cum
1357 1175 1481 1246 legimus,
1492 1173 1563 1245 quod
1575 1174 1704 1244 qualitate
1715 1173 1776 1229 sitm

141 1266 197 1320 trec
210 1265 314 1323 disise
326 1266 442 1324 sufficiat
457 1287 463 1322 :
481 1277 510 1324 ut
523 1285 555 1324 cs
572 1269 748 1325 similitudine
761 1270 929 1326 testimoniu-
983 1268 1125 1324 austerioris
1139 1267 1249 1335 abolita,
1277 1267 1338 1336 quia
1357 1268 1514 1337 plerumque
1528 1264 1659 1334 contingit
1674 1272 1701 1318 ιι
1714 1277 1776 1333 pre-

140 1371 198 1411 rum
213 1372 273 1429 quae
288 1359 436 1427 posuimus,
449 1359 529 1414 etiam
544 1359 593 1428 ipsi
607 1360 657 1417 sibi
673 1360 825 1416 raecessarie
837 1375 932 1416 uume·
981 1374 1044 1415 ιιι
1055 1359 1153 1429 justos,
1166 1368 1195 1415 et
1208 1359 1368 1430 resipiscere
1383 1367 1549 1429 peccatores,
1572 1358 1598 1412 in
1617 1372 1648 1413 ca
1662 1356 1722 1426 quis
1731 1356 1777 1414 aia

139 1447 241 1501 rosiora
264 1448 430 1518 perquirant.
457 1449 532 1515 Quod
555 1450 578 1506 si
602 1448 674 1507 iurte
698 1451 810 1519 pristino
832 1453 930 1509 sceleri
982 1451 1284 1526 judiceturquaobitus
1298 1454 1340 1511 sui
1354 1428 1780 1525 ιιιιιιιιιιίιιιιιιιιιιιιιιιιιι,Δ

139 1536 271 1606 dogmatis
283 1540 333 1607 sui,
343 1549 389 1595 aut
402 1541 799 1612 infidelitatisperseverantiam
812 1555 931 1615 serrant,
983 1544 1167 1602 iruunctanter
1181 1546 1314 1604 credenda
1334 1557 1377 1603 est
1395 1547 1437 1603 vet
1461 1548 1517 1616 ipsa
1532 1543 1709 1602 correctionis
1728 1558 1777 1600 ro·

139 1637 185 1683 aut
203 1628 301 1699 aliquid
322 1647 398 1687 norm
418 1633 563 1690 molitionis
584 1636 777 1692 accumulant:
798 1638 931 1710 siquidem
988 1638 1077 1695 luntas
1093 1639 1209 1709 placere,
1224 1642 1247 1696 si
1260 1655 1322 1696 sera
1333 1641 1377 1696 sit.
1394 1641 1447 1698 Sed
1460 1650 1543 1696 tutum
1559 1638 1629 1710 apud
1638 1638 1776 1695 coeiestem

140 1722 283 1790 peculiaris
298 1726 451 1782 errantibus
470 1742 529 1782 mos
550 1738 601 1793 cst,
626 1729 652 1785 in
672 1730 851 1788 obstinatione
872 1747 933 1803 per-
947 1712 972 1774 Β
986 1730 1155 1787 clementiam
1170 1731 1229 1787 tidei
1245 1731 1374 1802 qualitate
1396 1739 1535 1802 pensatur.
1559 1728 1635 1786 Unde
1657 1737 1684 1784 et
1705 1727 1775 1783 inter

142 1828 220 1870 uersa
240 1830 348 1886 semper
357 1817 449 1875 dicere
462 1819 531 1876 velle
545 1835 598 1891 quo
611 1832 724 1893 pereant
738 1841 746 1878 ι
762 1824 836 1880 dabit
851 1824 932 1892 licus,
987 1821 1045 1877 illos
1059 1822 1197 1892 operarius
1208 1837 1276 1893 quos
1297 1822 1323 1878 ιι
1340 1822 1485 1894 Evangelio
1501 1820 1608 1893 (blattis.
1625 1835 1672 1886 ss,
1686 1818 1715 1888 a)
1735 1817 1775 1873 le·

140 1917 169 1962 ut
190 1907 397 1978 jussuaastro,
420 1926 536 1984 meoque
564 1912 709 1985 tumulato,
735 1918 853 1987 pravitas
874 1932 934 1987 quac
985 1913 1047 1983 gitis
1059 1928 1121 1970 esse
1135 1913 1293 1981 conductos,
1319 1928 1367 1985 pro
1381 1912 1531 1970 devotionis
1544 1911 1652 1979 ardore,
1673 1921 1776 1965 merce·

141 1997 229 2054 adbuc
249 2010 394 2069 auimento
413 2002 578 2074 accenditur,
598 2020 653 2061 uuo
669 2015 696 2062 et
713 2022 821 2077 semper
838 2006 935 2079 aequali
985 2003 1046 2060 dem
1061 2004 1193 2074 prioribus
1206 2014 1372 2076 exaequatam
1383 2006 1463 2060 ctiam
1476 2004 1520 2075 qui
1535 2002 1637 2058 tardius
1647 2005 1794 2056 uenerant.

142 2088 340 2160 scripturarum
356 2091 506 2148 coelestium
522 2095 677 2165 magisterlo
688 2098 867 2168 propulsetur.
984 2097 1143 2151 sortiuntur.
1152 2096 1262 2153 Sicutet
1270 2095 1446 2151 Ninivitarum
1458 2093 1615 2151 breuissima
1625 2088 1775 2162 poenitudo,

424 2182 592 2241 betstuca
612 2185 655 2242 ιιι.
985 2202 1093 2244 omnem
1107 2188 1279 2260 indulgentia
1292 2203 1424 2244 summam
1438 2187 1528 2243 triduo
1541 2186 1661 2242 terrente
1674 2196 1777 2240 merca·

140 2267 229 2327 duitas
253 2271 403 2328 Viennensis
426 2275 559 2345 episcopus
582 2278 676 2333 domno
690 2278 850 2336 Gundobodo
869 2284 932 2353 rapi.
987 2285 1024 2346 ιι,
1038 2279 1156 2348 gladium
1172 2279 1329 2349 peccatricis
1345 2278 1421 2334 urbis
1430 2277 1579 2334 retricibus
1593 2275 1775 2332 imminentem

176 2365 329 2421 sciscitatio
353 2375 444 2422 restra
472 2368 552 2437 plena
573 2368 709 2440 religionis
729 2382 809 2443 atque
828 2375 936 2445 pietatis
986 2386 1065 2443 quem
1076 2373 1131 2441 jam
1147 2371 1210 2427 ictui
1221 2371 1356 2428 destinato
1368 2386 1418 2442 per
1428 2386 1534 2427 manum
1548 2370 1624 2426 lonae
1639 2364 1777 2438 propbeta

140 2463 192 2510 est.
217 2454 271 2512 Sed
296 2457 359 2527 quia
389 2456 561 2527 inquisitione
589 2464 744 2532 proposita,
773 2467 935 2523 consulturis
986 2464 1073 2538 (doner
1086 2481 1124 2527 ιι.
1142 2466 1187 2537 ιιι)
1202 2465 1260 2521 dics
1273 2472 1372 2521 statuta
1386 2464 1545 2529 vibraverat,
1569 2458 1697 2530 repagulo
1710 2471 1777 2513 eon-

141 2546 183 2602 uel
201 2547 388 2616 respondeatis
408 2550 517 2606 nomina
541 2553 718 2623 praemisistis,
738 2558 932 2628 suggerendum
986 2573 1060 2614 soom
1068 2554 1777 2617 satisfactionisobtudit.Contradicantautemesem·

141 2648 217 2709 puto,
241 2638 323 2696 luisse
347 2640 374 2696 in
388 2642 477 2699 dirica
501 2645 644 2715 quemdam
660 2648 812 2705 Faustumt
828 2651 955 2728 episeog
985 2650 1037 2720 ptis
1052 2648 1218 2719 huiusmodi,
1235 2662 1302 2718 qnos
1316 2647 1407 2704 serius
1417 2645 1504 2701 reddit
1517 2643 1636 2714 appetita
1650 2640 1777 2711 superbis

142 2745 205 2800 pnm
229 2740 301 2787 secta
324 2732 513 2799 blatdcbacum,
533 2737 722 2807 opusculorum
745 2744 933 2814 quorumpiam
986 2741 1116 2813 turgidos,
1133 2756 1211 2811 quam
1227 2740 1391 2796 conscientia
1406 2739 1508 2794 illibata
1528 2750 1649 2792 securos.
1666 2735 1722 2790 ιιοι
1734 2743 1776 2791 ta·

142 2825 323 2894 corrditorem,
346 2827 554 2883 exsecrabilium
579 2845 664 2898 sane,
689 2843 717 2889 et
747 2835 774 2889 in
796 2837 935 2895 nonnullis
986 2851 1047 2892 mea
1062 2833 1198 2905 locoquid
1221 2847 1293 2902 sape
1317 2830 1432 2895 doleam,
1459 2830 1523 2900 quia
1548 2827 1619 2883 tandi
1644 2825 1778 2882 licentiam

142 2919 223 2974 ctiam
238 2933 363 2975 sermone
378 2921 608 2992 turpissimorum.
628 2925 676 2981 llic
689 2934 790 2995 atatem,
805 2942 934 3000 quantum
986 2928 1131 3000 dignamini
1152 2936 1293 2997 praestare,
1316 2922 1458 2979 confiteor.
1487 2920 1684 2977 contristamur
1707 2931 1777 2972 nou-

142 3008 176 3063 ad
188 3008 303 3066 frontem
326 3012 451 3080 pertinet,
476 3014 553 3085 quasi
576 3016 831 3076 abstinentissimam
851 3022 933 3079 uitam
989 3035 1125 3092 nunquam
1140 3018 1167 3073 in
1182 3018 1231 3072 bae
1243 3023 1394 3072 nostrorum
1409 3013 1547 3078 ιιιιιιιιιι,
1566 3010 1637 3083 quod
1650 3025 1707 3065 rem
1722 3016 1777 3064 ιιιι

141 3102 295 3174 professum
317 3114 345 3161 et
358 3121 411 3163 non
433 3116 564 3166 secretam
586 3125 704 3180 crucem,
729 3113 777 3169 sed
802 3082 971 3184 publicamc
988 3114 1133 3187 pretiosam
1156 3123 1207 3180 pro
1232 3109 1283 3166 levi
1306 3107 1429 3176 accipere
1453 3120 1534 3177 graue
1556 3103 1700 3159 discrimen
1722 3107 1778 3159 est

140 3202 286 3260 vanitatem
311 3203 442 3274 iactantia
473 3208 579 3264 ventosi
614 3209 726 3265 tumosis
757 3225 933 3282 exaggerans,
986 3203 1278 3263 Curneuimsidentur
1296 3199 1480 3270 poenitcntiam
1500 3195 1624 3267 precibus
1646 3191 1778 3264 aclscrp·

987 3299 1040 3355 mis
1053 3312 1178 3368 poscere,
1203 3294 1313 3364 impium
1337 3291 1451 3345 dicimus
1469 3288 1612 3358 denegare·
1628 3285 1675 3340 Sin
1697 3282 1778 3355 igitur

138 3305 268 3366 quantum
289 3298 387 3369 potuit,
412 3299 580 3358 auditoribus
596 3312 755 3358 venenatam
776 3304 936 3375 disputatio-

141 3403 203 3444 nem
226 3390 300 3446 relut
320 3389 515 3449 indeclinabilis
529 3394 657 3449 virtutum
683 3406 805 3451 serrator
828 3397 933 3453 indixit.

142 3479 177 3533 ιιι
189 3479 251 3549 quia
273 3480 391 3551 legistis,
413 3483 563 3544 consulenti
583 3484 688 3540 cuidam
706 3485 817 3541 Paulino
833 3487 935 3544 burdo-

139 3571 253 3638 ealeusi,
262 3571 433 3643 abepiscopo
443 3575 589 3644 supradicti
601 3578 718 3632 nominis
729 3577 813 3634 luisse
824 3594 935 3650 respon-

140 3677 199 3717 sum
212 3680 219 3718 :
231 3663 307 3732 cujus
316 3665 482 3734 temporibus
494 3666 618 3724 Paulinus
629 3669 747 3739 quidam,
757 3670 827 3726 Deus
837 3670 934 3727 viderit

141 3766 229 3810 istrum
244 3756 265 3810 is
276 3770 355 3827 quem
376 3760 541 3826 memoratis,
563 3768 654 3816 tamen
671 3762 780 3830 perinde
793 3762 933 3835 Burdepa-

141 3845 245 3913 tensis,
265 3862 318 3903 non
342 3862 426 3918 pauca
449 3848 520 3920 stylo
544 3849 676 3907 catholico
690 3861 719 3907 et
740 3853 934 3923 irreprebensi-

141 3937 186 3991 bili
214 3936 267 3994 lide
287 3940 449 4010 conseripsit
466 3958 474 3994 ε
493 3939 597 4008 paruisti
620 3940 739 3998 ltaeretici
769 3946 933 4003 mentionem

140 4025 241 4082 ideireo
267 4029 396 4097 praemisi,
425 4030 614 4086 neblanicbaei
641 4031 725 4102 ipsius
750 4032 842 4089 Fausti
865 4049 934 4106 opus

140 4117 297 4187 infaustum,
312 4119 352 4176 nel
369 4122 484 4177 alterum
498 4137 578 4192 quem
593 4123 673 4179 etiam
685 4123 769 4195 gloria
781 4136 869 4182 restra
886 4145 934 4185 no·

141 4220 224 4277 serat,
237 4220 297 4267 ortu
312 4213 480 4280 Britannum,
497 4214 650 4272 habitaculo
664 4216 839 4288 Regiensem,
857 4223 934 4279 titulo

141 4303 257 4359 nominis
270 4315 429 4364 accusaret:
442 4307 521 4364 simul
536 4318 564 4364 et
577 4309 620 4379 qui
636 4319 683 4365 aut
696 4313 839 4370 consulere
852 4328 932 4386 supra

987 3389 1126 3460 contingat
1147 3386 1291 3449 interdum,
1317 3391 1348 3437 ut
1369 3388 1506 3449 acceptam
1523 3378 1672 3449 quicunqne
1695 3372 1780 3440 pseusi-

989 3483 1110 3550 tcntiam,
1124 3478 1298 3534 sisanitatem
1313 3471 1433 3543 corporis
1455 3469 1561 3540 recipit,
1583 3477 1628 3523 aut
1652 3465 1779 3536 negligat,

990 3585 1036 3632 aut
1048 3574 1133 3629 lactus
1147 3573 1192 3638 sit,
1208 3579 1236 3625 ut
1248 3567 1385 3638 apostolus
1397 3564 1436 3618 ait
1449 3560 1493 3632 (ll
1508 3561 1579 3615 Patr.
1594 3576 1623 3626 u,
1635 3557 1695 3628 ιι),
1706 3553 1779 3613 canis

988 3679 1114 3724 resersus
1139 3663 1165 3719 in
1193 3661 1341 3726 uomitum,
1373 3653 1597 3727 quireniabilius
1619 3649 1780 3707 onerabatur

988 3757 1130 3829 fragilitate
1145 3755 1262 3826 peccatt,
1285 3749 1446 3821 plectibilius
1468 3747 1634 3818 opprimetur
1648 3740 1782 3798 abusione

985 3847 1114 3914 remedii;
1139 3854 1168 3902 et
1184 3844 1289 3899 dicetur
1311 3840 1374 3896 iliud
1397 3837 1467 3910 quod
1492 3836 1602 3893 ιιιιιιι
1624 3833 1651 3889 ιι
1669 3831 1780 3888 Actibus

987 3940 1169 4010 apostoloram
1184 3952 1192 3992 ι
1205 3934 1301 3991 Nonne
1315 3947 1417 3987 monem
1431 3931 1476 3986 tibi
1490 3936 1629 3994 naonserot,
1645 3924 1710 3982 etde
1723 3936 1780 3993 pre-

989 4032 1113 4089 mittenda
1127 4033 1154 4086 ιι
1166 4040 1211 4083 ιιι
1227 4034 1350 4101 potestate
1369 4023 1492 4097 pendebat
1515 4021 1583 4092 (dot.
1596 4034 1623 4085 ι,
1637 4016 1666 4087 ι)
1683 4013 1779 4069 batim

991 4138 1027 4183 est
1044 4135 1141 4191 eutem,
1156 4130 1185 4180 ut
1198 4122 1235 4176 ιιι
1253 4120 1394 4192 propbeta,
1418 4133 1469 4171 uon
1482 4131 1578 4179 uouere,
1599 4127 1675 4184 quom
1692 4123 1781 4164 ansere

988 4236 1012 4280 et
1026 4240 1077 4278 ιιι
1096 4222 1201 4278 reddere
1217 4215 1328 4290 (Euclea.
1340 4230 1367 4280 ι,
1378 4212 1407 4283 ι)
1431 4210 1508 4266 Unde
1520 4204 1654 4263 contraxit
1668 4215 1781 4259 correus·

990 4317 1054 4373 tudo
1078 4313 1221 4378 scrumnis,
1252 4320 1280 4364 ut
1304 4307 1392 4363 dorice
1412 4304 1524 4375 quisque
1545 4307 1666 4356 nostmm
1690 4301 1782 4350 ruturtt

176 4478 340 4561 {altrorsus
356 4493 438 4560 'quaem
461 4487 568 4534 exstant
590 4478 650 4534 iibri
673 4482 758 4536 sancti
782 4482 938 4554 Augustini,
953 4485 979 4547 Ι)
993 4487 1117 4547 ιιιιιιιι,
1132 4499 1321 4546 sacraemnta
1336 4483 1402 4535 diem
1418 4477 1623 4532 lrurrronoesortis
1633 4471 1781 4542 implevero,

142 4563 271 4619 culpasque
286 4549 313 4602 iu
328 4549 388 4603 abrs
404 4551 523 4615 ejusdem
538 4550 664 4618 operibus
680 4550 806 4621 lrequcns
824 4558 937 4612 mentio.
992 4556 1165 4629 pertinatiam
1183 4553 1294 4607 subitum
1308 4568 1362 4606 suan
1376 4559 1539 4611 consecutus:
1561 4548 1583 4601 si
1600 4543 1720 4600 excludat
1734 4557 1782 4614 prs

142 4617 274 4674 Caeterum
288 4631 314 4674 ct
325 4619 428 4673 Paulini
440 4618 473 4673 ad
483 4618 611 4674 Fuistum
622 4620 747 4690 epistola,
760 4634 787 4678 et
797 4624 890 4681 Fausti
906 4626 939 4683 ad

142 4687 202 4757 rjus
216 4695 326 4757 quesita
341 4689 491 4758 responsio,
506 4705 567 4759 quac
587 4705 659 4744 nutrc
673 4692 744 4746 inter
759 4693 851 4749 Fausti
868 4695 941 4752 libe·

141 4761 244 4840 ¹[pisensis
264 4773 344 4828 opcra
369 4758 504 4829 legumus,
528 4774 582 4829 quo
604 4761 638 4815 de
657 4761 756 4816 Fausto
781 4764 824 4817 bic
845 4780 858 4818 a
879 4777 941 4821 atur

138 4828 241 4900 ambigi
255 4844 307 4884 ιιοιι
320 4829 422 4883 sinum.
436 4830 591 4884 britannum
606 4830 677 4885 Ιιιιιι
692 4841 751 4885 orto
765 4832 849 4890 luisse
859 4781 938 4892 docet

144 4899 238 4954 Auitus
256 4915 264 4951 ι
280 4901 350 4970 quod
367 4916 420 4955 non
439 4899 473 4955 de
496 4899 643 4966 insulanis,
665 4899 711 4956 sed
733 4900 769 4957 de
787 4904 936 4961 Armenicis

143 4969 277 5024 britannis
307 4970 492 5038 accipiendum
513 4972 666 5026 monuimus
690 4972 717 5025 in
735 4973 806 5028 notis
820 4975 853 5030 ad
877 4975 936 5044 epi·

143 5040 239 5095 stolam
253 5040 371 5096 Facundi
384 5040 417 5095 sd
432 5040 578 5095 llutianum
593 5041 793 5099 scholasticum.
808 5044 936 5102 Paulinus

143 5109 186 5164 bic
196 5121 285 5167 atatem
298 5111 502 5180 burdegalensis
512 5111 557 5178 qui
571 5111 603 5165 ad
616 5110 743 5166 Faustum
757 5116 860 5180 scribit,
872 5133 934 5172 cum

141 5179 177 5234 dc
188 5180 298 5235 Paulino
314 5183 443 5252 episcopo
458 5179 561 5234 Nolano
574 5181 657 5249 accipi
676 5192 801 5250 nequeat,
817 5184 851 5242 de
866 5185 936 5242 Pau·

139 5249 199 5305 lino
219 5251 392 5305 Eucharistici
417 5259 527 5305 auctore
549 5250 736 5321 intelligendus
750 5253 867 5321 uidetur,
889 5259 935 5325 qul

138 5329 171 5375 et
185 5322 242 5386 ipse
262 5331 321 5375 ortu
340 5320 544 5389 burdegalensis
568 5321 631 5386 ιιιι,
655 5332 683 5376 et
704 5323 829 5381 Massilia
852 5327 935 5385 larem

144 5391 237 5446 relicta
254 5389 339 5461 patria
356 5405 417 5445 cum
436 5391 549 5457 lusisset,
562 5390 652 5447 Fausti
666 5392 806 5465 Regicrtsis
819 5411 936 5455 consue·

140 5463 236 5516 tudine
250 5462 287 5516 uti
302 5461 396 5530 putuit.

179 5532 194 5570 b
209 5532 416 5586 Momentoneom
429 5531 542 5588 Faustus
556 5547 662 5603 quoque
673 5536 831 5604 appellarat,
842 5537 935 5594 Pauli-

142 5616 196 5682 nus
208 5605 326 5657 subitum.
339 5603 531 5663 Percunctotor.
544 5605 639 5671 inquit,
649 5607 751 5661 accedo.
764 5606 829 5664 Suras
845 5626 936 5679 pecco·

140 5682 177 5732 ιιι
189 5675 333 5731 carnotibus
347 5673 491 5741 taurinam·
513 5675 599 5729 etauio
613 5690 769 5746 quiscunque
782 5688 864 5745 potest
878 5683 932 5736 eri·

1011 4637 1065 4680 urta
1079 4633 1219 4695 peceatum,
1228 4639 1261 4675 ιι
1276 4622 1524 4689 notuaeqrumnpto
1536 4612 1782 4687 evanesceremus

992 4646 1108 4753 §austris
1131 4695 1252 4749 inutilem
1273 4706 1334 4747 esse
1356 4691 1504 4759 respondit.
1533 4687 1610 4750 tiuod
1638 4686 1704 4739 laiso
1727 4683 1783 4739 diet

992 4769 1072 4823 discet
1085 4765 1188 4832 Auitus,
1212 4774 1237 4817 et
1253 4770 1315 4816 ante
1329 4763 1434 4818 Auitum
1454 4761 1479 4814 in
1494 4757 1587 4813 cadem
1607 4755 1699 4812 Gallie
1720 4766 1782 4822 pro·

992 4835 1077 4892 ιιιιιι
1094 4835 1223 4890 docuerat
1236 4831 1388 4887 Gennadius
1399 4829 1570 4886 Massiliensis
1581 4824 1783 4883 Ecclesiastico·

994 4924 1053 4963 rum
1070 4907 1227 4976 Dogmatum
1241 4917 1300 4971 cap.
1317 4903 1360 4957 ts.
1376 4900 1542 4963 Poeuiteutia,
1565 4897 1662 4968 iuquit,
1684 4892 1784 4949 aboleri

991 4988 1095 5050 peccota
1111 4976 1282 5029 indubiton'er
1302 4974 1444 5039 eredimus,
1464 4970 1562 5026 etiamsi
1577 4971 1604 5023 ιι
1616 4966 1708 5022 ultimo
1723 4965 1784 5018 ιιιιι

991 5049 1083 5114 spiritu
1099 5046 1271 5101 odiatissvrum
1285 5045 1414 5114 poeniteot,
1439 5053 1463 5097 et
1482 5041 1585 5112 publico
1600 5039 1783 5092 lamentatione

992 5128 1094 5190 perroto
1111 5117 1252 5187 prodentur
1264 5131 1274 5169 .·
1285 5117 1343 5184 quio
1357 5115 1514 5184 propositum
1535 5110 1583 5163 liei
1601 5123 1651 5179 quo
1671 5106 1784 5162 decreuit

992 5191 1090 5244 sulcare
1102 5188 1170 5258 quod
1187 5187 1306 5254 perierat,
1322 5196 1371 5239 stnt
1384 5183 1521 5239 insertobile.
1542 5178 1573 5232 m
1589 5179 1646 5232 ideo
1660 5177 1723 5248 quia
1735 5191 1784 5230 rs·

992 5261 1077 5315 lentus
1095 5263 1152 5332 ejus
1176 5274 1226 5311 nou
1245 5267 1372 5323 mutatur,
1395 5256 1446 5309 sire
1471 5251 1648 5309 erucardo'icue
1669 5247 1737 5329 oitoe,
1759 5245 1785 5301 si

992 5340 1092 5400 tempos
1106 5328 1269 5394 conceditur,
1291 5330 1343 5383 siue
1364 5325 1472 5396 supplici
1491 5321 1660 5391 conpassione,
1682 5333 1704 5371 as
1717 5333 1783 5373 sots-

993 5403 1065 5454 tiuuo
1079 5402 1129 5454 oitu
1140 5398 1284 5463 exceditnrg
1300 5399 1373 5451 renio
1385 5406 1544 5468 peccatorum
1559 5389 1668 5459 fideliter
1682 5402 1785 5458 prusa·

991 5472 1068 5524 uritur
1082 5470 1113 5522 ob
1128 5468 1173 5523 illo
1191 5468 1233 5536 qui
1254 5484 1303 5520 ιοι
1319 5467 1372 5520 osuit
1391 5476 1497 5520 aaronem
1520 5462 1670 5531 peccatoris,
1693 5458 1740 5512 sed
1755 5464 1785 5511 stt

989 5548 1178 5594 concertatore
1194 5539 1334 5604 perdideras
1346 5537 1500 5609 pernitendo,
1513 5543 1538 5589 et
1551 5531 1663 5587 solantes
1678 5529 1784 5583 ιιιιιιι·

988 5610 1056 5665 tione
1067 5609 1170 5662 domini
1181 5609 1256 5661 uiuat.
1274 5608 1303 5664 Si
1317 5609 1374 5676 quis
1386 5610 1460 5662 uliter
1469 5607 1501 5661 de
1507 5605 1652 5675 justissimo
1664 5599 1712 5655 bu
1726 5599 1783 5671 pie·

989 5691 1038 5737 tuse
1049 5681 1136 5745 sentit,
1152 5695 1201 5736 ιιι
1218 5677 1375 5736 Clarissimus
1389 5681 1434 5736 sed
1450 5677 1609 5734 ιιιιιιιιιιιιιι
1620 5680 1670 5732 ιιι.
