3816 6120
141 253 188 309 ott

172 366 243 416 Felle
254 373 331 429 putet.
342 365 474 427 calidisque
491 362 593 413 animam
605 377 706 424 peccare
716 364 836 414 medullis.

171 426 225 477 Non
237 435 345 478 mentera
357 440 399 476 sua
412 428 519 476 membru
530 436 653 491 premunt,
669 441 714 477 nea
726 434 809 476 terrea
823 427 899 476 tirtns

172 486 210 549 Op
228 496 303 550 agnat
312 501 398 537 sensus
410 486 520 548 liquidos,
533 487 630 536 bellove
640 486 743 558 lacessit.

173 503 227 599 seri
234 563 288 598 curn
300 550 423 610 spiritibus
435 550 573 599 teneluosis
585 556 657 598 nocte
668 549 760 611 dieque
854 611 860 619 ι

173 607 359 672 Congredimur.

368 669 448 718 Facile
460 674 499 718 est
510 669 608 719 tranare
620 669 730 721 rebelles

173 729 282 780 tuentur
299 731 388 780 caruis.

172 791 248 853 liajor
258 793 322 840 inest
332 794 370 840 vis
382 791 420 839 illa
431 791 531 848 bomini,
543 805 597 853 quae
609 790 685 841 battle
694 792 759 842 tirus

172 849 275 914 Ingerit,
290 860 316 902 et
328 860 427 902 tenuem
439 853 508 902 tsuui
526 853 583 903 tert
594 865 653 903 aere
665 862 783 904 mentem.

142 950 231 1024 lisque
251 953 410 1010 Prudentius
424 970 531 1010 omuem
547 956 653 1026 culpam
674 957 700 1011 in
716 956 869 1012 daemonem
884 972 928 1012 re-

143 1043 207 1110 iicit,
218 1045 265 1101 scil
286 1061 379 1116 magna
399 1062 430 1102 es
449 1057 525 1119 parte
538 1048 572 1103 ad
585 1049 675 1105 cordis
688 1049 825 1119 animique
842 1058 930 1106 motus

143 1133 257 1190 rebelles
273 1145 381 1191 revocat
393 1151 464 1193 vers.
481 1137 545 1195 553.

171 1245 221 1309 Sed
240 1249 299 1312 quid
322 1262 370 1313 ego
388 1262 461 1300 omns
479 1250 570 1300 malurn
591 1250 735 1314 mundique,
754 1249 927 1371 borlninumque

799 1325 854 1362 mat
873 1327 897 1363 lll

170 1367 254 1420 Hostis
263 1371 291 1419 ad
301 1372 412 1420 invidiam
423 1371 557 1443 detorqueo
567 1369 579 1420 l
590 1384 644 1420 eum
655 1371 715 1421 mala
726 1377 807 1426 nostra
855 1324 872 1374 Β

170 1429 206 1479 Er
220 1433 429 1481 nostrisooncreta
440 1435 534 1492 animis,
547 1445 635 1494 genus,
648 1441 674 1483 et
685 1441 767 1495 capnt,
783 1442 808 1483 et
822 1435 880 1498 vim,

171 1490 234 1549 Ouid
244 1496 302 1551 stat,
315 1494 373 1553 quid
387 1493 491 1552 ualeant,
503 1502 599 1542 sumant
610 1494 642 1543 de
652 1494 726 1543 corde
736 1496 853 1556 parenti?

170 1550 215 1603 lile
224 1552 324 1615 quidem
339 1552 418 1602 lomes
429 1563 573 1607 nostrornm.
589 1560 614 1604 et
625 1567 696 1604 causa
706 1555 822 1605 ntaiorurn
835 1564 881 1608 est.

103 1629 104 1632 ¹
170 1613 222 1721 1{ed
233 1620 325 1720 tanturn
337 1616 436 1664 turbare
449 1621 538 1676 potest,
551 1622 592 1664 aut
602 1616 697 1677 tallere,
709 1624 824 1679 quantum

192 1686 220 1722 os
237 1686 373 1726 saumas...

830 251 1059 310 indomitus,

1104 361 1145 411 Sic
1156 362 1257 412 mluber
1268 361 1388 414 muliebre
1400 366 1478 414 solnm

1105 423 1217 484 Suscipit,
1230 432 1304 486 atque
1313 429 1388 474 tirum
1398 427 1493 476 tttulier.

1075 482 1137 532 Ecce
1150 489 1217 534 uenit
1235 499 1294 534 aava
1306 487 1446 547 progenies,

1106 544 1208 594 AEtbere
1218 546 1304 606 prodit·
1315 560 1328 596 s
1337 546 1399 596 alter
1409 549 1490 605 ironto.

1105 605 1158 654 Non
1176 605 1268 667 lutcus,
1283 608 1349 657 uelut
1361 607 1403 657 illc
1433 614 1493 669 rior,

1103 666 1152 715 Sed
1163 665 1232 716 Deus
1246 670 1298 729 ipse
1307 681 1397 728 geretis
1414 623 1558 722 inminuta.v

1103 726 1281 789 corporeisque
1296 742 1383 779 carens
1396 731 1467 780 titiis.

1072 787 1110 837 uu
1124 801 1181 838 caro
1197 789 1284 850 uirida,
1295 802 1376 839 serina
1390 791 1479 853 Patris,

1104 847 1207 898 littutine
1219 863 1292 910 quem
1304 850 1418 900 rutilante
1427 856 1510 912 gras-is

1105 908 1156 957 Non
1168 910 1281 971 ιΙιοΙοῐοο,
1296 924 1377 971 neque
1389 914 1442 970 iure
1458 919 1515 973 tori,

1104 969 1156 1019 blec
1166 971 1303 1032 genialibus
1315 971 1436 1023 illecebris

1104 1029 1253 1082 lntetnerata
1264 1032 1343 1093 puelia
1357 1037 1428 1094 [rarii.

1072 1091 1124 1141 lloc
1136 1091 1218 1141 odium
1230 1102 1302 1142 ratris
1314 1094 1371 1143 illud
1384 1101 1446 1152 erat,

1100 1153 1153 1202 Hoc
1161 1161 1214 1202 crat
1224 1155 1322 1216 aspidis,
1334 1161 1407 1217 atque
1419 1156 1525 1206 bominis

1104 1212 1266 1275 Digladiabtlo
1281 1217 1415 1280 dissidium,

1103 1274 1171 1334 Quod
1184 1275 1256 1324 modo
1268 1289 1357 1325 cernua
1369 1277 1481 1328 femineis

1103 1334 1192 1397 vipera
1205 1339 1338 1398 proteritur
1348 1339 1460 1398 pedibas.

1071 1393 1152 1446 utere
1163 1409 1268 1460 namque
1284 1398 1361 1447 Deum
1375 1405 1462 1450 merita

1103 1459 1189 1507 limnia
1197 1461 1266 1522 virgo
1276 1473 1371 1508 tenena
1379 1460 1476 1512 domat:

1100 1517 1228 1568 'fructibus
1239 1524 1326 1581 anguis
1336 1521 1484 1583 inexplicitis

1103 1578 1177 1628 l'irus
1194 1581 1289 1630 inerme
1318 1582 1372 1643 iger
1383 1587 1487 1634 revomit

1103 1639 1217 1692 Gramine
1225 1595 1335 1693 ooaooiiar
1346 1645 1371 1692 in
1383 1645 1461 1695 viridi.

172 1733 300 1797 Glgnlmus
311 1748 383 1786 omne
394 1735 482 1785 malurn
495 1737 592 1799 proprio
603 1736 634 1786 de
645 1750 748 1800 corpore
758 1744 875 1790 nostrum.
942 1715 963 1774 B
979 1741 1048 1809 Quid
1064 1742 1193 1799 illustrius
1202 1744 1236 1799 ad
1247 1744 1367 1815 Vulgata
1380 1745 1523 1803 lectionem
1539 1749 1751 1807 conornaaoaut

142 1834 267 1904 Plerique
290 1837 509 1904 interpretantur,
533 1838 652 1906 Apostoli
667 1840 776 1904 serbis,
802 1840 929 1897 Aduersus

142 1939 243 1979 carnem
258 1934 281 1979 et
296 1927 455 1998 sanquinem,
471 1928 593 1984 liontines
616 1930 738 2001 intelligi.
751 1930 780 1986 S.
796 1931 928 2004 liierony·

143 2013 246 2069 musad
258 2029 289 2070 es
302 2015 383 2069 uerba
407 2016 543 2072 Prudentii
565 2018 812 2089 interpretationem
828 2023 926 2092 refert,

143 2118 193 2158 nec
203 2102 307 2184 ridetur
317 2104 446 2162 damnare
458 2107 509 2178 (a).
525 2109 566 2163 Cl.
580 2109 688 2166 Teoiius
697 2112 724 2166 in
737 2123 881 2169 comment.
894 2115 927 2170 ad

142 2193 211 2249 bunc
232 2193 370 2250 Prudentii
385 2196 473 2253 locum
489 2199 605 2266 nourit,
622 2201 722 2256 Estinm
742 2206 882 2260 sortientire
897 2206 926 2261 S.

144 2283 216 2338 Pauli
229 2299 281 2339 non
296 2284 375 2339 alium
389 2288 610 2343 commentarium
621 2289 775 2348 adhibuisse
788 2310 866 2364 qnam
878 2296 928 2351 ltos

143 2383 227 2444 postca
242 2377 325 2430 nostri
340 2391 434 2432 tersus
447 2393 514 2448 quos
525 2380 598 2435 in'co
617 2383 731 2438 masirrie
746 2386 927 2451 commendat,

141 2465 211 2534 quod
226 2466 502 2522 mundusterebrarum
515 2469 607 2524 barum
621 2471 726 2528 dicatur
737 2489 798 2528 esse
813 2476 928 2530 mundns

141 2555 185 2611 bic
201 2556 320 2626 interior,
338 2558 516 2626 turbulentus,
535 2569 614 2630 atque
627 2563 802 2634 caliginosus,
816 2567 859 2620 cni
873 2568 929 2623 dce-

140 2663 233 2705 mones
245 2651 380 2720 praepositi
405 2660 468 2705 sunt
488 2653 583 2708 merito
596 2657 817 2725 transgressionis
832 2660 928 2714 bunta-

141 2753 202 2803 nae,
216 2739 275 2796 siro
293 2740 326 2795 ad
343 2741 484 2797 tentandos
498 2742 634 2809 bomittes,
650 2743 706 2801 siue
720 2747 753 2801 ad
776 2749 925 2804 nocendum

140 2831 188 2886 eis.
207 2834 284 2905 115
299 2832 379 2890 Certe
395 2834 483 2890 Estius
498 2834 566 2891 itanc
580 2836 808 2908 interpretationis
824 2851 926 2911 partem

140 2923 276 2980 Prudentii
291 2927 449 2982 auctoritate
462 2928 631 2997 corroborat,
646 2944 761 3003 eumque
777 2943 854 2989 tacet
866 2951 927 3005 pae-

980 1830 1047 1898 Quid
1059 1832 1158 1888 clarius
1171 1833 1205 1888 ad
1220 1827 1416 1890 immaculatam
1431 1836 1555 1907 liciparre
1566 1841 1752 1910 conceptionem

979 1920 1189 1978 stabiliendam?
1209 1923 1289 1978 diunt
1305 1924 1423 1980 haretici
1444 1927 1620 1983 Pntdentiunr
1635 1933 1752 2002 etunpar

979 2010 1085 2081 aliquod
1106 2022 1260 2082 corruptum
1281 2029 1418 2071 sacrorum
1438 2016 1568 2073 libroruin
1588 2021 1693 2090 legisse.
1709 2022 1751 2078 set

983 2114 1032 2155 cur
1044 2110 1198 2172 corruptum
1218 2104 1281 2160 illud
1297 2114 1355 2161 erat
1375 2109 1531 2177 exemplari
1544 2111 1607 2180 quia
1623 2113 1751 2169 sciliceta

979 2194 1061 2248 verba
1073 2195 1108 2250 ibi
1123 2196 1196 2266 legit,
1215 2213 1275 2266 qun:
1289 2197 1339 2267 ipsi
1356 2200 1458 2255 nollent
1471 2200 1582 2268 scriptu.
1599 2202 1637 2257 lta
1652 2221 1700 2258 nan
1711 2205 1750 2259 alia

979 2288 1082 2342 ratione
1098 2290 1164 2343 trieri
1180 2297 1303 2358 possunt,
1325 2290 1466 2346 lectionem
1484 2292 1606 2360 vulgatu
1628 2309 1686 2349 esse
1703 2309 1748 2350 cor

978 2385 1099 2446 ruptam,
1113 2377 1163 2432 nisi
1178 2376 1330 2448 aibr-ment,
1343 2380 1399 2449 jam
1415 2396 1441 2434 tr
1463 2383 1565 2438 sacculo
1594 2383 1746 2440 Prudentius

978 2475 1024 2520 aut
1036 2483 1088 2521 unt)
1110 2477 1156 2522 aut
1180 2468 1299 2536 pluribus
1324 2472 1520 2542 exemplaribus
1539 2479 1671 2545 corruptis
1687 2491 1745 2530 nsua

978 2557 1072 2614 luisse.
1083 2558 1171 2626 Quid?
1184 2560 1254 2629 quod
1267 2562 1480 2630 interpretation
1494 2563 1639 2621 Prudentia
1648 2566 1744 2621 adbibiu

977 2652 1042 2705 satis
1058 2651 1209 2720 persuadet,
1231 2668 1284 2707 non
1296 2652 1381 2707 solum
1394 2655 1448 2723 jam
1463 2663 1527 2710 tuae
1541 2659 1640 2724 passim
1652 2657 1684 2711 ita
1696 2658 1742 2726 legi,

978 2741 1025 2796 sed
1039 2743 1119 2797 etiam
1134 2742 1166 2796 ad
1179 2742 1209 2796 B.
1220 2742 1375 2820 liminum,
1397 2745 1481 2798 omitia
1495 2762 1593 2800 nenena
1608 2747 1742 2813 dmirautm,

977 2833 1044 2901 quod
1066 2831 1149 2887 Deum
1171 2834 1245 2887 edere
1269 2835 1360 2887 nterim
1374 2836 1467 2904 tuerit,
1483 2835 1536 2891 ltoc
1556 2845 1613 2903 est,
1633 2839 1687 2892 sinc
1700 2839 1741 2891 laba

978 2932 1150 2993 conceptam,
1176 2923 1265 2978 locum
1289 2924 1363 2978 iilum
1383 2926 1461 2995 116
1480 2925 1594 2982 Genesis
1617 2927 1740 2997 applicarit

141 3024 192 3071 tam
218 3016 373 3090 tlteaiaqum.
398 3019 491 3077 sedin
507 3020 589 3090 prims
614 3032 640 3076 ar
665 3024 798 3093 precipua
823 3035 925 3095 pastea
980 3016 1036 3071 Non
1050 3016 1122 3071 enim
1142 3016 1237 3087 finges,
1252 3025 1310 3083 aut,
1325 3017 1348 3071 si
1360 3017 1406 3071 tibi
1427 3018 1522 3088 ltngas,
1538 3019 1603 3074 milti
1621 3018 1739 3089 prttbalis,

140 3109 285 3165 Prudentia
304 3110 571 3181 aestuamusque
593 3129 651 3166 cam
665 3130 742 3169 earne
759 3126 782 3170 u
802 3119 926 3188 sanquine
978 3107 1147 3162 arridentium
1160 3124 1192 3164 ex
1209 3123 1263 3164 nno
1277 3108 1319 3164 rei
1334 3110 1419 3165 attero
1436 3119 1563 3180 corrupto
1574 3111 1739 3180 exemplaria
1781 3143 1784 3150 ·

141 3202 251 3273 interim
267 3204 326 3259 vutt
347 3219 399 3258 non
414 3203 700 3274 recommissum,
716 3209 764 3264 sea
781 3208 815 3265 οε
840 3211 926 3267 uom-
976 3200 1057 3255 veria
1072 3200 1340 3270 sicliniensibus
1357 3215 1452 3254 nouo
1468 3201 1526 3271 iaso
1543 3216 1619 3256 susm
1632 3203 1740 3271 taem

140 3292 228 3350 nibus.
384 3283 386 3288 ’
976 3294 1101 3346 tationem
1125 3292 1259 3347 fundaret.
1274 3291 1328 3348 Cur
1347 3304 1435 3348 antem
1449 3302 1502 3348 taut
1519 3297 1682 3365 perspicuant
1696 3294 1739 3347 l'ru·

444 3388 557 3444 ceput
578 3389 610 3444 x.
975 3383 1058 3438 detttii
1078 3385 1266 3440 auctoritatem
1293 3385 1310 3439 ii
1331 3386 1497 3454 potissimum
1521 3401 1576 3440 non
1595 3383 1739 3455 urgent,qui

141 3473 227 3529 Lectio
241 3476 360 3532 editionis
377 3479 491 3547 iniquus
509 3479 574 3534 Gen,
593 3495 631 3548 nr,
644 3480 689 3548 15,
708 3481 739 3535 Et
749 3482 805 3554 ipen
815 3494 925 3541 ‘onim'
976 3473 1005 3527 B.
1016 3474 1105 3528 blariae
1118 3474 1305 3528 intemeratam
1317 3475 1522 3544 conceptionem
1534 3483 1574 3530 tot
1585 3473 1739 3529 voluminibus

175 3574 251 3635 caput
268 3575 355 3633 tuum,
371 3569 502 3640 insigniter
517 3586 548 3625 es
561 3569 703 3626 Prudentia
718 3573 878 3641 confirmata.
974 3565 1236 3655 e*filibilwllllssfflsslt
1248 3565 1259 3617 ?
1273 3564 1338 3619 Nam
1349 3565 1424 3628 Alli·
1441 3566 1486 3633 qui
1503 3565 1529 3618 5¹¹
1541 3580 1573 3618 ⁶²
1586 3580 1662 3619 ΜΝ
1676 3565 1739 3617 ΨΜ

176 3657 239 3710 iol.
260 3657 390 3725 objicitur
405 3670 531 3726 pentoma
545 3661 700 3728 Prudentia,
714 3663 785 3734 quod
800 3664 867 3720 Gen,
884 3681 923 3733 m,
974 3663 1096 3710 uersatus
1114 3664 1171 3720 est,
1204 3655 1229 3709 in
1255 3654 1346 3710 liiiitia
1364 3654 1547 3720 conceptionis
1571 3656 1614 3710 vir
1635 3655 1738 3725 pauculos

141 3745 182 3812 15,
195 3761 226 3802 ca
236 3748 316 3802 acrba
331 3749 435 3817 legerit,
450 3765 507 3819 que
522 3768 592 3806 nunc
606 3768 698 3808 revera
710 3754 737 3808 in
749 3755 858 3824 Vulgata
869 3757 925 3812 edi.
975 3743 1114 3799 Prudentii
1130 3759 1233 3808 rursus,
1256 3745 1324 3814 aqurd
1347 3745 1490 3800 Eusebium
1515 3746 1687 3816 Nicremlerg
1697 3760 1708 3799 a
1719 3758 1739 3798 sc

138 3839 211 3894 tione
230 3838 369 3909 leguntur:
385 3837 537 3894 iniuricilt'ar
554 3859 646 3908 portam
667 3846 733 3898 inter
756 3855 779 3898 ie
798 3856 820 3900 et
833 3847 924 3902 malic-
977 3837 1071 3905 ¹⁰⁰¹⁰⁸i
1089 3837 1114 3891 5⁸¹
1129 3837 1245 3891 medium
1263 3837 1369 3906 l'fflffllii
1390 3838 1439 3907 ibi·
1455 3837 1585 3893 ΜθῙθΜθῐ
1598 3839 1694 3902 canas,
1706 3837 1737 3890 lib

141 3952 202 4003 rem,
212 3944 236 3990 ct
248 3952 332 3989 semen
342 3945 424 4000 trram,
436 3945 552 3989 etrcmrn
563 3936 632 3990 illius
643 3954 650 3992 ε
662 3939 835 4006 ipsacanleret
848 3950 924 4012 caput
974 3941 1010 3980 V¹¹
1031 3926 1064 3981 de
1082 3926 1145 3982 ¹¹⁰0·
1160 3926 1289 3996 ¹¹¹0⁰¹⁰8o
1305 3941 1364 3994 rap.
1377 3925 1403 3993 3·
1421 3926 1470 3982 ¹¹³0
1485 3928 1526 3981 ⁸¹3²
1538 3928 1668 3997 ll0²¹¹i⁵sel
1680 3941 1739 3995 llil·

137 4037 220 4093 iorum,
236 4036 260 4080 et
274 4035 301 4079 tu
316 4026 475 4080 insfdiubert's
495 4027 610 4081 calcaneo
622 4032 686 4099 ajars.
704 4029 861 4086 Prudentius
875 4031 924 4088 Ca·
974 4025 1092 4070 nmmum
1105 4014 1264 4070 flmmeum
1279 4016 1381 4072 Efflsmi
1394 4016 1527 4085 fefellere·
1544 4033 1598 4088 (1¹¹⁰
1610 4019 1632 4073 3⁵
1642 4020 1737 4073 mmm

138 4118 309 4175 titcnterinan
325 4118 352 4181 5,
364 4131 436 4172 rers.
453 4116 520 4172 iti:

225 4226 324 4276 Consna
336 4225 404 4289 culpa
423 4226 503 4276 ileum
520 4230 629 4288 quatitans

256 4288 322 4336 Sede
336 4289 373 4350 pia
387 4289 468 4350 procul
479 4291 598 4350 erigitur.

258 4350 349 4398 innuba
360 4348 449 4397 semina
461 4364 515 4411 quae
526 4354 615 4410 luerat,

256 4410 370 4473 Coniugis
380 4413 474 4480 excipit·
483 4413 620 4473 imperinm,

973 4120 1127 4163 sanctoruni
1145 4110 1298 4164 testimonio
1310 4123 1363 4164 non
1383 4124 1413 4165 se
1432 4110 1567 4164 existimat
1582 4110 1736 4172 obruendum.

974 4203 1104 4271 siquando
1117 4203 1250 4258 universis
1264 4203 1470 4272 repugnaverit:
1489 4218 1550 4257 narn
1570 4207 1653 4258 sancti
1665 4213 1738 4258 amau

974 4293 1020 4364 qui
1033 4294 1060 4348 in
1076 4294 1133 4364 ejus
1147 4296 1186 4350 roi
1210 4296 1374 4351 mentionem
1399 4295 1566 4361 inciderunt,
1583 4312 1637 4351 rna
1654 4311 1707 4359 ore,
1718 4300 1739 4347 rt

973 4385 1055 4453 jactat
1066 4387 1201 4455 Erasmus,
1218 4397 1406 4444 asseverarunt
1414 4388 1443 4443 B.
1461 4388 1597 4458 Virginem
1611 4391 1637 4446 in
1651 4396 1738 4462 peccato

256 4471 359 4520 l‘trnera
375 4473 451 4520 tristia
466 4485 531 4530 iussa
544 4475 602 4533 pati.

227 4531 315 4582 butor
327 4539 353 4580 et
365 4533 418 4593 ipse
430 4532 478 4581 doli
490 4533 591 4584 coluber

257 4593 375 4642 Pleotitur
384 4594 515 4653 improbus,
525 4604 552 4644 ut
563 4596 652 4648 mulier

254 4653 320 4702 ilolla
333 4651 455 4714 trilinguia
464 4656 530 4704 calce
542 4664 613 4708 terat.

974 4476 1097 4546 originali
1110 4487 1276 4548 conceptam.
1292 4478 1380 4534 Canus
1393 4495 1445 4533 rent
1460 4480 1539 4544 banc,
1556 4482 1623 4536 alias
1641 4479 1739 4554 qrmbsi·

974 4583 1052 4632 arant,
1069 4569 1163 4623 nulline
1177 4571 1203 4624 in
1216 4569 1363 4625 Christiana
1376 4571 1498 4641 religione
1513 4587 1568 4625 esse
1586 4572 1700 4626 momenti
1712 4583 1739 4623 rs

975 4661 1097 4729 spondet.
1111 4661 1201 4732 Nulla,
1214 4663 1310 4733 inquit,
1324 4662 1397 4728 mibi,
1413 4666 1495 4734 [arear
1515 4664 1636 4734 ingenue,
1652 4665 1700 4719 alia
1710 4662 1740 4715 ria

170 4822 206 4891 qa)
224 4820 299 4877 Dicat
308 4825 456 4896 qrtirpiant:
471 4827 528 4881 llac
540 4831 619 4898 quod,
631 4831 682 4892 nit,
702 4849 711 4882 r
725 4829 752 4883 N
753 4848 785 4884 on
798 4841 834 4886 est
847 4835 917 4889 trabis
970 4848 1064 4893 retunt.
1082 4840 1115 4894 [at
1130 4849 1190 4906 post
1204 4842 1300 4895 multo:
1319 4841 1451 4895 Proiiaiur
1464 4845 1540 4911 [arsat
1549 4860 1576 4897 m
1595 4846 1742 4913 quantiano

134 4893 278 4947 colluctatio
289 4897 408 4950 aduersus
430 4901 578 4967 sanquinem
591 4911 613 4952 et
631 4916 744 4961 cantent,
764 4912 845 4963 reta„
859 4903 917 4958 ideo
970 4909 1091 4967 valuerit.
1117 4911 1148 4965 de
1170 4910 1217 4964 baa
1239 4912 1350 4980 capitula
1368 4912 1524 4983 disputatum
1542 4916 1595 4967 sit:
1614 4918 1659 4970 sed
1676 4927 1742 4978 quau

134 4963 184 5043 diri
194 4974 220 5016 ut
234 4963 381 5033 doceamur,
401 4985 432 5021 ne
445 4984 472 5022 er
487 4970 598 5038 quidam,
615 4985 672 5039 qma
687 4971 759 5022 nobis
779 4974 917 5027 ministrari
970 4978 1012 5033 det
1031 4981 1129 5032 sentiam
1145 4981 1285 5050 difficultati
1300 4982 1380 5050 ipsiius
1393 4981 1453 5044 toci.
1468 4990 1493 5035 ct
1506 4999 1625 5052 mmottoe
1637 4983 1742 5054 Epictit-

132 5036 191 5086 a.'tnt
205 5042 323 5102 putamus
335 5053 366 5090 ea
379 5054 467 5103 carate,
480 5041 565 5092 caruis
587 5055 640 5093 ersa
659 5044 695 5093 nn
708 5042 854 5109 conquiris,
871 5045 916 5096 aed
969 5064 1036 5112 ruint,
1050 5052 1091 5116 arai
1105 5062 1159 5118 past
1172 5060 1240 5103 artes
1258 5053 1369 5122 maqiaas
1389 5053 1452 5105 scire
1470 5054 1629 5119 debuerant,
1641 5073 1657 5109 a
1671 5056 1742 5125 quiin

72 5138 74 5142 1
133 5119 148 5154 a
162 5104 311 5169 quibusdam
320 5108 494 5171 spiritualibus
506 5110 622 5174 nequitiis
636 5111 771 5180 suqqern..
788 5111 854 5176 Quin
863 5115 915 5166 nuit
967 5116 1075 5186 fuissent
1086 5119 1223 5189 aliquanda
1234 5119 1342 5185 decepti.

62 5226 63 5229 ,
132 5189 203 5241 erqo,
218 5174 299 5242 aiunt,
314 5178 449 5247 Apostolus
459 5195 505 5232 uas
525 5181 624 5244 docere,
642 5195 691 5233 non
710 5197 741 5233 ea
752 5192 844 5233 natura
858 5198 915 5234 car·
1005 5187 1042 5255 (bi
1053 5189 1141 5250 Plana,
1154 5190 1253 5254 aliique
1264 5190 1444 5245 nenomiuant
1452 5191 1563 5258 quidem
1571 5192 1741 5250 Prnalrntiunt·

133 5245 237 5310 periret
251 5246 282 5299 de
295 5251 402 5301 ntateria
420 5250 505 5301 cantis
526 5258 548 5301 et
567 5251 700 5319 sanquinis
724 5248 777 5303 bae
798 5252 915 5306 citiarum
971 5256 1003 5311 Et
1019 5258 1370 5314 bocmaximedcsideratur
1381 5263 1406 5313 in
1417 5275 1499 5328 opere
1513 5262 1602 5318 linare
1615 5265 1650 5319 ita
1665 5261 1743 5320 inscii·

132 5318 419 5385 qeneruproereari,sed
430 5318 710 5378 instinctudumanum.
722 5333 854 5389 propterea
868 5325 914 5387 ait,
968 5337 1032 5394 pto:
1048 5326 1134 5383 Gaura
1156 5330 1327 5383 iatmacaiaue
1345 5331 1514 5397 conceptionis
1532 5331 1587 5387 SS.
1604 5334 1695 5388 listris
1707 5328 1744 5384 aet

132 5380 194 5435 ti'an
208 5391 244 5436 est
258 5384 338 5450 nabis,
356 5395 403 5441 etr.
420 5385 483 5441 ideo
498 5397 581 5441 aretem
597 5404 663 5440 nunc
680 5405 767 5443 cartem
778 5392 821 5460 qui
835 5394 916 5464 masii·
970 5395 1062 5451 naen
1074 5399 1184 5453 domina
1198 5400 1377 5453 naatroesacrt's
1390 5401 1539 5455 testimoniis
1551 5405 1642 5458 ordine
1652 5405 1743 5458 ebrato·

132 5453 168 5505 cis
181 5452 294 5524 infelices
307 5456 402 5509 artibus
412 5459 532 5524 seruiunt,
548 5467 572 5511 et
587 5462 670 5528 [acere
683 5462 730 5514 ista
740 5460 913 5530 perbibemus,
969 5468 1067 5534 iaqico,
1089 5470 1204 5536 utrinque
1229 5470 1364 5552 alioquiis,
1388 5481 1411 5524 et
1435 5471 1468 5523 ad
1483 5486 1591 5528 eramen
1606 5473 1743 5541 tltcaiaqirs

132 5524 246 5591 exempla
256 5527 424 5594 protttlimus,
440 5537 467 5581 ut
482 5528 648 5582 retuirdamus
661 5546 747 5584 eorum
769 5533 915 5600 apiariancm
969 5539 1082 5590 criticum
1093 5541 1224 5602 reuocatis,
1246 5539 1541 5612 agrimensorium,
1557 5556 1663 5602 auctore
1677 5542 1744 5599 aaa·

132 5594 174 5655 qui
186 5602 275 5660 putant
289 5596 373 5650 omnia
386 5597 445 5650 titia
460 5613 512 5651 esse
524 5600 607 5654 carnis
620 5608 643 5652 et
658 5602 801 5668 sanquinir,
818 5612 840 5654 et
856 5603 914 5655 nul·
968 5607 1036 5660 dicto
1053 5607 1135 5662 Plato
1147 5609 1177 5665 S.
1194 5607 1219 5663 l.
1238 5609 1360 5665 l'ortornu'
1377 5609 1454 5666 till.

133 5659 184 5714 lam
196 5662 287 5720 babere
298 5666 422 5722 taraone
433 5676 592 5731 potestatem.
605 5678 632 5724 ul
644 5686 688 5724 nor
698 5671 801 5726 incitem
812 5672 846 5725 mi
854 5689 913 5737 pec·
