3816 6120
160 254 194 312 ts
832 237 967 297 delusit
987 237 1087 295 PAPAE
1107 239 1117 293 Ι
1754 226 1788 286 lb

157 362 273 421 cendum
288 372 428 430 supernam
439 357 644 428 dispositionem
655 352 781 408 universa
791 357 941 418 crrnctaqua
956 353 981 410 lt
994 349 1142 405 debemus:
1155 350 1180 404 in
1195 349 1253 404 hec
1264 350 1377 421 abrepta
1398 349 1494 406 deduci
1506 363 1556 404 noc
1570 361 1721 419 possumus,
1735 357 1787 401 nco

158 451 322 524 inspicientis
334 466 394 521 que
405 449 439 505 nd
455 446 634 503 Ecclesiarum
649 445 782 514 pertinent
803 442 942 506 unitatem,
996 442 1136 509 debentes,
1151 440 1208 512 qui,
1231 452 1374 513 prestante
1388 443 1443 498 beo
1458 451 1562 506 nostro,
1587 442 1717 496 sinccrnrn
1734 455 1785 508 pn·

155 550 186 599 et
198 541 329 598 adserens
342 539 476 595 diabolum
491 535 710 592 conturbatorem
724 548 794 588 rere
814 532 887 602 pacis
902 539 944 586 at·
998 547 1108 603 ramqas
1122 542 1240 604 paterne
1254 533 1404 591 traditionis
1419 535 1498 590 lidem
1517 533 1786 600 communionemque

156 644 210 697 qne
224 627 369 699 compagis,
385 634 414 680 ut
426 625 525 680 asseris
539 623 645 679 lortiter
658 620 817 682 resistentis·
836 620 865 674 Si
879 634 944 688 orso
996 623 1125 689 rotinere,
1137 633 1167 680 et
1180 625 1213 680 ab
1226 626 1298 680 omni
1316 626 1552 694 prevaricatorum
1574 623 1731 691 contagione
1744 621 1786 676 di-

157 721 191 774 de
205 735 249 775 nse
264 722 313 774 iata
328 718 494 788 pronuntias,
515 722 561 770 aut
581 713 707 772 sectanda
723 714 769 769 tibi
782 723 844 768 sunt
857 725 945 781 quea
996 726 1121 778 scretam,
1144 717 1224 771 ettam
1241 714 1372 770 intentato
1388 717 1506 785 periculo
1523 714 1626 781 rnortis,
1650 723 1785 782 optarnns,

156 809 274 874 Christo,
291 817 320 863 ut
334 806 468 876 perhibes,
482 805 624 861 constituta
638 812 715 869 sunt;
741 813 786 858 ant
807 803 893 872 palam
908 809 944 865 tc,
996 807 1126 876 eligentes
1139 807 1171 875 (si
1184 806 1248 863 uelit
1258 807 1338 876 Deus)
1358 809 1485 877 quelibet
1505 809 1550 863 illa
1565 823 1621 876 pcry
1631 806 1678 871 eti,
1705 821 1784 875 qnam

156 902 228 973 quod
241 901 321 966 absit,
331 898 428 955 Christi
440 898 663 970 dispositionibus
674 897 783 953 obviare
797 894 944 965 depromis,
996 910 1090 951 causas
1105 896 1223 952 incidere
1235 896 1415 952 damnationis
1434 908 1550 952 etcrnac.
1566 898 1642 962 bate,
1664 897 1784 965 inqrram,

155 991 248 1046 autad
261 989 366 1046 reniam
382 986 548 1062 [strenam]
568 987 679 1042 luxurie
694 986 728 1041 dc
742 1000 785 1040 rna
798 997 945 1054 cognosce·
995 986 1112 1053 reniam,
1138 987 1161 1042 si
1174 997 1262 1041 tamen
1283 1000 1344 1043 cem
1360 1001 1408 1042 ros
1423 997 1532 1057 propter
1544 1001 1662 1043 amorem
1677 986 1787 1057 cujusli-

156 1081 195 1138 ris
207 1082 258 1138 ista
268 1082 381 1149 jactare.
402 1079 455 1137 Sed
476 1087 672 1149 consequenter
692 1079 825 1144 annectis,
847 1074 945 1131 conde·
996 1076 1040 1132 bet
1055 1076 1169 1131 bominis
1180 1076 1224 1133 rel
1237 1077 1359 1132 timorenr
1376 1077 1433 1133 bec
1448 1078 1562 1133 libenter
1575 1079 1723 1143 incurritis,
1738 1094 1786 1135 nos

155 1171 331 1230 scendibilem
343 1185 387 1227 me
395 1179 421 1226 et
429 1171 529 1238 optima
541 1169 715 1239 dispositione
729 1181 855 1223 revocare
867 1179 946 1236 posse
997 1179 1106 1236 propter
1119 1181 1238 1222 amorem
1252 1167 1298 1223 liei
1310 1177 1336 1223 ct
1351 1168 1473 1224 timorem
1495 1170 1624 1240 gehenne
1640 1170 1700 1224 talin
1716 1171 1787 1225 relu-

155 1260 337 1317 cuncordiam.
353 1259 479 1327 Proinde,
493 1260 618 1330 quoniam
633 1267 685 1313 tsto
697 1256 781 1313 verbo
794 1255 946 1324 {requenter
996 1264 1093 1311 tamus.
1116 1256 1170 1313 Nec
1182 1272 1230 1311 ros
1243 1258 1371 1322 credatis,
1393 1258 1587 1315 dissimulando
1599 1274 1693 1314 causas
1704 1268 1786 1329 atque

156 1351 271 1417 utimini,
285 1349 348 1422 quid
361 1349 411 1406 tibi
425 1350 500 1418 velit,
515 1348 665 1418 explorent.
691 1346 798 1414 Optima
813 1344 885 1400 enirn
900 1344 944 1399 illa
996 1361 1135 1419 personas,
1151 1349 1293 1417 cujuslibet
1306 1350 1429 1406 amicitiis
1444 1366 1523 1422 posse
1533 1352 1700 1423 subrepere?
1723 1353 1786 1422 qnia

155 1442 334 1500 estb'cclcsie
347 1440 487 1496 catholice
496 1449 575 1509 atque
587 1435 742 1508 apostolice
751 1435 902 1505 dispositio,
911 1433 945 1489 ad
995 1453 1083 1509 neque
1099 1448 1147 1494 ros
1159 1439 1195 1493 ita
1211 1438 1322 1497 subtiles
1345 1443 1420 1508 estis,
1445 1441 1491 1512 qui
1507 1456 1559 1498 non
1578 1442 1686 1513 possitis
1708 1442 1786 1499 intel-

154 1535 267 1593 meliora
285 1533 451 1606 prolicienda
461 1530 687 1594 crrndcsccndere,
703 1542 757 1583 noo
771 1526 804 1582 ad
819 1525 944 1581 inleriora
995 1528 1100 1600 ligirct
1124 1544 1184 1594 nos,
1209 1539 1355 1599 prestante
1375 1532 1432 1588 beo
1453 1542 1563 1601 nostro,
1586 1547 1640 1588 non
1662 1534 1786 1602 reperitis

155 1617 944 1681 descenderrdodebcere.Cumautemdiclsoondescendere
995 1620 1125 1674 incautos.
1147 1619 1241 1675 Nonne
1263 1620 1352 1676 missis
1367 1621 1419 1676 buc
1439 1636 1511 1692 sepe
1526 1622 1623 1679 litteris
1637 1623 1784 1689 indicastis,

155 1727 206 1770 nos
215 1712 314 1769 dobere
324 1712 472 1779 vobiscum,
482 1710 589 1767 interim
596 1705 942 1785 y'amrosautdesccndero,
959 1686 1057 1764 Bcnm
1071 1708 1175 1764 ceteris
1189 1709 1321 1765 hereticis
1334 1723 1383 1765 ros
1398 1710 1539 1780 Eutychen
1555 1727 1661 1782 qunque
1676 1728 1785 1779 respuc-

154 1813 201 1861 aut
214 1803 385 1860 descendisse
396 1802 561 1857 monstratis.
573 1798 769 1869 Undequeso,
778 1797 820 1853 rel
830 1811 884 1867 quo
894 1797 944 1850 ista
996 1803 1045 1857 rei
1058 1800 1145 1856 linesi
1159 1815 1253 1856 rerum
1265 1810 1317 1866 est,
1333 1809 1379 1856 aet
1398 1803 1503 1873 eosqui
1516 1805 1783 1860 communicaverunt

155 1888 296 1953 descensio
310 1893 370 1950 estl
393 1892 489 1962 lltiqae
503 1905 535 1947 err
557 1888 689 1959 superiori
707 1887 823 1958 quodam
837 1887 897 1942 loco
909 1884 943 1941 ad
996 1889 1151 1962 Eutycbetis
1171 1891 1372 1948 successoribus
1393 1895 1496 1963 paritor
1509 1895 1642 1962 abdicate,
1661 1908 1708 1951 ant
1719 1897 1785 1953 alio

154 1985 281 2042 lnlsrlora
295 1997 407 2054 queque
420 1981 554 2050 depoilws
565 1993 581 2033 θ
591 1978 722 2033 catholica
738 1974 785 2048 [el.
800 1978 942 2046 depositio.
994 1998 1053 2037 rurn
1064 1983 1577 2053 qnoquehaereticoremsuccessoribus
1587 1989 1785 2044 commnntcan-

152 2073 331 2146 bostbolica]
353 2072 553 2143 apostolicaque
575 2069 765 2124 cornmnniono
787 2067 821 2122 ad
837 2066 944 2122 hereti·
993 2081 1046 2138 tes,
1060 2073 1201 2129 admittite.
1218 2074 1273 2130 Sed
1289 2072 1419 2143 licacies,
1442 2077 1541 2147 inquis,
1564 2077 1630 2133 nihil
1645 2088 1737 2133 contra
1755 2079 1785 2132 li·

152 2180 212 2224 cetu
222 2165 433 2233 damnatamque
447 2162 586 2234 prolapsos
599 2174 648 2216 ros
667 2159 775 2225 ridetis,
799 2158 941 2229 cognosci·
993 2163 1066 2229 dern,
1089 2164 1160 2219 sicut
1175 2163 1321 2236 Eutyches,
1334 2172 1363 2220 et
1376 2181 1516 2222 successor
1529 2167 1598 2237 ejus,
1617 2168 1712 2236 legiter
1726 2166 1783 2221 nbi-

152 2258 199 2325 tis,
210 2271 264 2313 noo
277 2255 398 2326 negatis:
415 2260 441 2310 et
458 2268 510 2308 non
529 2252 679 2306 solemnes
699 2251 726 2304 in
740 2249 840 2305 inilrnis
852 2249 943 2319 jacere
993 2268 1098 2324 cnrrque
1109 2253 1224 2320 dixisse3
1240 2255 1316 2325 quasi
1334 2270 1386 2311 non
1402 2257 1439 2312 sit
1451 2256 1580 2324 deterius,
1594 2265 1621 2313 et
1634 2272 1687 2311 non
1702 2255 1780 2324 igno·

152 2348 277 2415 deiectat,
289 2347 337 2404 sed
353 2345 433 2402 etiam
446 2344 475 2400 in
499 2344 639 2414 superiore
653 2352 794 2399 manentes
807 2343 871 2399 sede
884 2344 942 2398 rnl·
993 2358 1067 2400 rasse
1087 2347 1228 2402 veritatem
1253 2355 1280 2402 et
1305 2355 1393 2402 emen
1425 2347 1638 2404 communicasse
1660 2347 1782 2402 veritatis

153 2439 187 2495 tls
199 2437 310 2508 impelli.
323 2435 545 2492 condescendere
561 2449 610 2490 nos
623 2433 761 2489 nobiscnm
776 2433 894 2489 invitetis
906 2433 940 2489 ad
993 2434 1117 2492 inimicis.
1133 2436 1161 2493 Si
1174 2437 1258 2504 enim,
1283 2450 1343 2493 cem
1360 2437 1455 2508 aliquis
1469 2445 1542 2495 recto
1564 2441 1670 2509 sapiens
1684 2440 1718 2495 de
1732 2439 1783 2494 lrde

152 2530 206 2588 ime
217 2531 252 2587 do
266 2528 391 2596 summis,
411 2541 462 2582 nos
480 2526 721 2583 conscenderetur
744 2525 881 2581 nobiscnm
894 2541 941 2582 ro·
992 2525 1123 2582 catholica
1134 2530 1312 2584 communicet
1320 2527 1374 2583 illis
1387 2527 1532 2595 hereticis,
1543 2529 1688 2599 intorques
1699 2528 1782 2599 stry-

152 2634 246 2693 samur
262 2619 296 2674 ad
320 2631 423 2674 summa
445 2615 479 2672 de
495 2616 567 2671 imis.
582 2616 656 2671 Nunc
670 2615 750 2686 igitur
764 2615 814 2670 sub
826 2630 942 2686 conspe-
991 2613 1098 2671 clretem
1114 2616 1250 2685 posuistis,
1266 2616 1309 2672 rel
1331 2618 1533 2674 successoribus
1547 2633 1650 2684 eorum,
1673 2633 1725 2673 non
1741 2629 1782 2674 est

152 2724 196 2771 ctu
210 2713 282 2770 illius
302 2711 418 2769 excelse
434 2710 545 2783 iustitie
562 2709 664 2779 judicet
683 2724 769 2780 genus
782 2708 939 2777 humanum,
992 2705 1032 2762 las
1047 2721 1096 2763 eos
1113 2707 1183 2763 inter
1196 2708 1387 2764 catholicorum
1403 2710 1497 2766 altaria
1512 2711 1673 2765 nominare:
1688 2709 1725 2764 ita
1739 2724 1782 2764 cr·

153 2806 212 2878 quis
232 2813 352 2859 nostrum
371 2801 467 2858 debeat
488 2802 565 2856 alteri
586 2801 705 2857 obedire.
723 2802 731 2832 ¹
754 2801 794 2854 hu
809 2799 888 2869 dicis,
911 2811 942 2858 ut
991 2812 1060 2868 sone
1074 2799 1146 2855 illius
1158 2799 1316 2871 Eutychetis
1329 2802 1532 2858 successoribus
1545 2802 1780 2866 communicando,

152 2904 250 2950 cetera
273 2907 344 2948 nunc
366 2891 498 2956 omittam,
521 2889 662 2946 descendit
678 2889 807 2947 Dominus
829 2890 887 2962 ipse
905 2892 940 2948 de
991 2889 1072 2945 simili
1095 2902 1169 2946 sorte
1194 2901 1301 2948 tenetur
1322 2891 1478 2948 obnoxiari
1503 2893 1542 2947 be
1564 2892 1660 2948 talibus
1681 2893 1780 2963 qrrinpe

152 2983 241 3043 cteloi
254 2983 398 3041 Descendit
418 2984 505 3054 plane,
527 2981 574 3038 scd
594 2991 623 3038 ιιι
643 2982 780 3039 hominem
799 2983 834 3037 nh
846 2998 940 3040 errore
992 2982 1183 3038 convenienter
1201 2980 1490 3037 dicitnrtllercendont
1510 2981 1536 3035 in
1548 2982 1678 3052 infernam
1697 2983 1781 3037 moeru-

152 3076 291 3144 liberaret,
306 3090 359 3132 non
375 3085 404 3130 nt
416 3075 475 3146 ejus
489 3074 647 3131 misceretur
661 3075 759 3131 errori.
772 3073 866 3131 Nonne
882 3075 941 3147 ipse
954 3047 977 3109 C
992 3081 1029 3127 tet
1050 3069 1135 3142 (Psoi.
1159 3071 1226 3144 ιιι),
1242 3073 1298 3148 Ιιιιιί
1320 3072 1383 3129 durn
1408 3073 1452 3128 illa
1474 3081 1529 3130 rrta
1549 3090 1599 3145 oso
1612 3075 1702 3144 y'rrtus
1721 3076 1781 3129 sirit

151 3167 313 3239 premonuit
326 3175 355 3221 nt
364 3165 410 3237 qui
423 3165 450 3221 in
466 3174 536 3220 tecto
547 3165 736 3233 consisterent,
757 3178 811 3220 non
825 3164 940 3220 descen-
991 3161 1079 3231 (Rom.
1097 3163 1131 3231 r),
1156 3177 1219 3219 nera
1231 3171 1312 3234 atque
1324 3164 1456 3221 catholica
1470 3172 1598 3234 putarrtnr
1612 3165 1712 3230 nirerc,
1736 3181 1781 3221 re·

152 3259 258 3325 derem,
273 3257 402 3314 necdeca
413 3271 471 3326 que
483 3254 510 3311 in
525 3255 605 3310 dorno
616 3254 739 3310 ridentur
750 3269 810 3312 esse
823 3255 938 3312 tollenda
990 3260 1071 3322 pente
1083 3261 1128 3308 ant
1144 3254 1169 3308 in
1184 3268 1267 3324 pruna
1282 3255 1431 3322 prauitatis,
1455 3263 1501 3310 aut
1517 3256 1543 3311 in
1559 3256 1691 3311 heretice
1706 3271 1780 3311 conr-

153 3347 260 3423 (llotth.
276 3346 368 3419 esurii
384 3346 477 3401 Nonne
492 3359 541 3416 pro
554 3345 678 3401 eninibus
688 3345 830 3414 Apostolus
840 3346 866 3418 (l
877 3345 938 3404 Cor.
990 3343 1124 3399 munionis
1138 3342 1243 3400 inlerna
1257 3353 1379 3414 vergunt.
1406 3343 1476 3400 Ecce
1490 3344 1581 3415 quales
1594 3345 1701 3401 Christo
1714 3345 1781 3402 dici·

157 3436 215 3512 ιι)
228 3430 326 3497 clamat
339 3448 419 3503 unns,
441 3435 486 3504 qui
503 3433 561 3504 plus
573 3434 697 3490 omnibus
717 3434 861 3501 laboravit,
878 3450 939 3491 cum
990 3433 1024 3487 tis
1035 3447 1098 3489 esse
1119 3433 1326 3504 preponendos,
1351 3448 1411 3489 curn
1436 3433 1480 3490 ille
1495 3448 1544 3490 nec
1558 3435 1660 3488 animas
1676 3446 1780 3490 nostras

152 3529 188 3588 de
198 3528 317 3584 orrenda
331 3527 453 3584 veritatis
467 3534 600 3597 ageretur,
622 3526 718 3595 qrribus
732 3540 782 3581 nec
796 3525 829 3580 ad
844 3526 938 3582 horarn
990 3520 1096 3578 sibirnet
1110 3522 1247 3593 precipiat
1269 3522 1406 3593 anteponi.
1432 3523 1487 3579 loro
1510 3533 1538 3580 et
1559 3522 1646 3579 adhuc
1659 3522 1780 3593 queritis

152 3621 282 3679 canimus
303 3616 476 3689 subjectionis
496 3618 599 3688 gratia,
623 3624 653 3671 ut
676 3616 776 3672 ueritas
801 3616 938 3688 Ernrtselii
989 3612 1097 3683 quando
1128 3611 1210 3668 luerit
1232 3612 1374 3668 drnrnatus
1397 3613 1529 3680 acacius,
1557 3611 1635 3684 qbasi
1663 3628 1778 3680 felitis

152 3715 323 3780 permaneret
340 3706 410 3778 apud
422 3706 488 3762 rosi
504 3705 605 3761 l'idetis
624 3705 762 3762 celestem
782 3704 937 3777 magistrum
989 3703 1094 3760 etiarnsi
1107 3718 1169 3759 eum
1189 3703 1279 3759 nullus
1299 3711 1362 3758 ante
1389 3703 1554 3770 damnasset,
1578 3719 1632 3761 uon
1656 3705 1780 3762 debuerit

152 3796 366 3855 condescendere
389 3795 476 3856 noxiis
497 3795 683 3851 rccnsantemi
697 3794 839 3851 Postremo
858 3794 940 3851 lacla·
987 3791 1148 3849 orthodoxe
1171 3801 1199 3848 et
1211 3792 1366 3862 apostolice
1380 3794 1594 3860 communionis,
1618 3794 1696 3866 cujus
1709 3810 1778 3865 pre·

151 3900 213 3944 met
226 3885 342 3956 aliquem
355 3885 498 3951 corruisse,
510 3885 542 3937 at
552 3899 630 3953 quern
647 3883 838 3952 benignissime
848 3884 936 3940 suble·
988 3885 1121 3940 varicator
1134 3884 1235 3941 exstitit
1250 3894 1278 3940 ct
1291 3884 1426 3952 desertor,
1441 3884 1646 3954 participatione
1658 3886 1776 3951 secludi;

153 3977 269 4034 rendum
292 3975 426 4045 paululum
441 3974 572 4044 quispiam
596 3974 660 4028 relit
682 3972 790 4028 inllccti.
815 3974 895 4045 Ergo,
910 3982 939 4030 ut
988 3977 1059 4033 sicut
1078 3975 1158 4032 etiarn
1173 3975 1284 4046 quilibet
1296 3975 1343 4046 qui
1367 3976 1446 4030 luerit
1458 3984 1520 4031 anto
1537 3975 1697 4041 catholicus,
1721 3977 1778 4031 cui·

152 4066 269 4139 erigatur
278 4066 380 4137 jacens,
404 4065 575 4119 miserantem
597 4064 723 4119 conuenit
735 4065 869 4134 inclinari,
883 4080 937 4122 non
988 4082 1093 4140 cunque
1115 4067 1212 4134 heresi
1234 4068 1454 4134 communicans,
1486 4068 1582 4123 merito
1604 4067 1740 4136 iudicatur
1762 4084 1777 4121 a

68 4194 88 4209 ·
153 4165 182 4213 ¹¹¹
193 4170 253 4213 ⁰⁰⁰¹
267 4155 361 4211 ⁰⁰¹¹&st
375 4151 554 4225 difficillimus
567 4154 593 4208 ln
610 4152 724 4210 [ortatu.
743 4153 825 4225 lsitur
837 4170 884 4225 per
897 4155 939 4212 lit·
988 4166 1080 4215 nostro
1100 4158 1228 4214 societate
1250 4158 1442 4224 rernorendus;
1468 4167 1514 4212 aut
1538 4155 1626 4212 intell
1640 4166 1712 4210 sorte
1726 4157 1776 4210 rh·-

151 4256 224 4303 teras
231 4261 297 4317 ques
307 4260 354 4315 per
364 4244 514 4299 sinclitium
526 4244 665 4300 diaconem
673 4245 837 4311 destinastis,
850 4246 884 4301 de
895 4247 938 4302 his
988 4248 1104 4316 iunctus,
1119 4250 1191 4304 inter
1203 4247 1397 4306 catholicorum
1412 4249 1520 4303 nentina
1535 4247 1687 4303 nullatenus
1700 4263 1774 4302 cern·

151 4350 218 4410 i¹¹⁰⁸
238 4336 391 4405 bll‘fifflib
413 4350 481 4405 ll¹¹⁰⁵
501 4335 635 4390 “dimili
654 4336 779 4402 Acilius,
803 4337 934 4405 militium
987 4344 1086 4415 putari.
1111 4344 1238 4400 Miramur
1252 4352 1341 4399 tamen
1356 4330 1489 4413 quomodo
1509 4341 1559 4396 ista
1574 4340 1710 4411 profertis,
1725 4340 1776 4396 lrnc

152 4428 295 4487 inditione
314 4427 464 4504 conlectum
484 4434 512 4482 ei
524 4441 628 4489 veram,
653 4428 786 4496 precipue
806 4428 937 4498 religiose
951 4405 976 4466 D
989 4443 1069 4492 estet
1090 4434 1221 4507 synodum
1240 4433 1486 4490 chalcedonensem
1503 4446 1551 4487 sos
1572 4433 1708 4502 suscipere
1729 4449 1777 4502 pro

151 4516 476 4596 sollicitudinicungruam
488 4514 639 4585 prebemus
649 4515 874 4572 sinedillicultatc
885 4532 939 4573 tno-
990 4523 1043 4580 iide
1057 4524 1187 4579 catlrnltca
1202 4522 1397 4594 predicantem
1421 4530 1448 4578 er
1469 4536 1516 4577 eos
1537 4536 1605 4592 quos
1628 4524 1775 4586 damnavit,

151 4611 276 4668 bicinam.
290 4609 349 4676 Qud
358 4621 408 4661 llos
423 4606 936 4673 sultisultradescendereiQuidtace·
990 4614 1148 4672 sectantium
1173 4613 1425 4679 communicatos-ss,
1449 4627 1502 4668 non
1517 4613 1713 4682 psysisulsriqey
1730 4628 1776 4681 ge.

150 4701 203 4758 tisl
212 4700 280 4769 Quid
293 4696 508 4756 verecundamini
518 4698 606 4753 ncrbis
619 4697 770 4766 exprimere
778 4696 849 4768 quod
856 4699 939 4754 corde
991 4704 1169 4771 ncralinrquc
1181 4705 1278 4772 putetis
1292 4702 1373 4756 luisse
1387 4701 1538 4757 damnatos.
1563 4701 1702 4758 ostendite
1711 4717 1776 4770 crgo

149 4790 280 4865 smtntisl
293 4790 352 4859 ipsa
367 4804 415 4844 ros
429 4788 523 4843 saltem
539 4787 709 4853 uerecundia,
730 4787 800 4857 quod
815 4802 940 4845 nonnun·
990 4808 1051 4865 que
1070 4792 1188 4863 synodus
1209 4791 1236 4846 in
1258 4806 1417 4861 unaquaque
1440 4791 1534 4847 heresi
1557 4804 1617 4845 curn
1640 4792 1776 4845 erroribus

148 4895 228 4952 ‘illm
242 4879 281 4947 dt,
297 4878 388 4934 debuit
401 4891 583 4932 ⁰⁰¹¹lffl⁰¹¹⁰¹⁰·
599 4879 640 4933 An
654 4877 776 4944 silwim·
786 4887 816 4933 ul
829 4875 936 4935 bereti·
988 4881 1774 4952 successorcseorumlriscontmnnicantcssimulqueomnes

89 5013 94 5021 .
148 4985 241 5026 corum
255 4970 496 5037 damnatorumque
514 4966 595 5023 ethis
610 4966 653 5023 rel
665 4982 757 5024 eornm
771 4969 934 5024 successori·
987 4990 1040 5030 non
1054 4974 1164 5030 damnet
1178 4983 1203 5028 rt
1217 4972 1373 5043 complices.
1388 4973 1478 5042 ltaque
1491 4970 1537 5026 illo
1550 4982 1639 5028 vester
1649 4973 1774 5042 dcacius,

148 5066 200 5119 bos
212 5060 464 5118 communicantium
478 5060 587 5114 nomina
599 5059 798 5115 consentiamus
812 5059 935 5118 admitti?
986 5067 1032 5138 qni
1054 5065 1226 5137 Eutychianis
1246 5063 1381 5119 hereticis
1411 5062 1562 5119 detestabili
1586 5064 1775 5119 communione

150 5155 206 5211 lloc
224 5169 279 5210 non
293 5160 336 5209 est
354 5151 570 5208 condescendere
583 5150 616 5205 ad
640 5150 862 5219 subueniendum,
887 5152 935 5208 sed
988 5156 1073 5212 lactus
1085 5164 1127 5211 est
1147 5155 1289 5227 particeps,
1313 5154 1348 5210 ab
1362 5154 1454 5210 cadem
1477 5155 1579 5226 synodo
1598 5154 1657 5210 sine
1671 5155 1775 5210 dubita·

149 5245 287 5304 evidenter
308 5244 335 5298 in
357 5242 460 5298 inlcrna
482 5240 610 5313 demersi.
645 5242 759 5309 Parcite,
783 5256 885 5313 queso,
907 5256 933 5301 et
987 5247 1059 5302 tione
1073 5246 1215 5302 damnatus
1229 5253 1282 5311 est,
1296 5259 1357 5316 qne
1376 5256 1403 5300 et
1417 5244 1553 5317 Eutychen
1567 5244 1774 5315 ilioscorurnqnc

150 5339 228 5396 nohis
237 5346 265 5395 ct
276 5337 361 5393 robis.
377 5335 452 5404 erod
467 5335 489 5391 si
503 5349 593 5390 curam
607 5334 689 5391 nestri
699 5335 767 5392 anteo
781 5349 834 5392 non
848 5335 932 5393 habe·
986 5354 1047 5398 cram
1057 5338 1258 5396 successoribus
1273 5352 1366 5392 eornm
1383 5337 1476 5408 hisque
1491 5337 1718 5393 corrrutnnicantes
1732 5352 1774 5410 sy-

150 5431 195 5489 tis.
209 5430 271 5488 dats
284 5429 387 5485 reniam
402 5426 489 5483 nohis.
513 5426 608 5482 Dolore
622 5435 650 5482 ct
665 5427 730 5485 llere
745 5440 888 5500 pessumus
905 5437 933 5486 ct
987 5427 1085 5486 nodico
1104 5437 1195 5486 tenore
1208 5428 1359 5498 prostravit

185 5611 194 5640 ¹
214 5611 294 5664 Forte
306 5607 427 5674 rccrlrn,
438 5603 469 5656 At
482 5603 556 5658 dicis.
572 5601 702 5659 llsnomn.
