3832 6120
153 213 204 269 ars
808 205 972 266 aristote
993 206 1085 264 etii.
1403 178 1408 187 '
1727 212 1780 267 uri

153 344 203 383 son
223 329 257 382 ad
274 328 366 394 ileum
382 326 430 383 sed
442 325 478 383 ad
491 324 620 382 emulum
636 326 812 395 pertinentes,
826 338 861 379 ne
881 321 941 377 laici
955 323 981 380 A
995 324 1181 379 coiirertorad
1194 339 1298 395 preces,
1313 325 1432 380 divinam
1447 325 1657 381 misericordiam
1669 340 1778 396 rogaris,
1820 286 1838 323 ᾧ

151 418 270 490 quidem,
286 433 340 472 nen
354 417 442 474 dicare
458 416 560 486 clerici,
574 425 668 472 sancta
682 417 871 473 communione
884 412 939 483 pri-
991 422 1021 467 ut
1033 414 1132 470 caiiins
1151 415 1227 483 cuius
1245 416 1394 486 profectum
1412 417 1501 473 studio
1513 417 1645 482 asseritis,
1657 416 1731 472 robis
1745 418 1777 472 ad

154 516 250 562 reatus
264 525 272 560 ι
285 507 348 577 quia
363 507 449 562 nescit
463 505 540 575 errius
550 505 686 577 dignitatis
700 506 735 560 sit
748 505 805 574 ipsa
815 518 938 558 commu·
992 507 1139 573 proemium,
1157 506 1222 561 mibi
1244 505 1278 561 ad
1304 506 1451 578 gaudium,
1476 508 1581 564 cunctis
1603 507 1725 579 proficiat
1739 508 1778 578 ,ad

153 598 206 665 sie,
216 598 262 669 qui
274 613 327 654 eon
341 613 412 664 eam,
427 599 500 654 ornei
514 599 684 654 animositate
698 598 827 667 seposita,
840 605 867 652 ct
877 610 938 651 cum
990 597 1154 666 exemplum.

153 702 247 758 magno
258 687 353 744 delore
366 687 515 757 suspendit,
526 696 554 743 et
564 701 626 743 curii
641 687 938 744 maximafestinatione
1247 687 1414 745 epistola
1433 689 1513 744 bxi.

153 776 277 833 restituit.
1018 790 1113 831 aeirus
1131 791 1284 834 viennensis
1305 794 1444 836 rvisoorus
1462 779 1477 820 lt
1496 794 1598 837 sistro
1616 794 1749 837 sriscoro.

395 875 409 905 ¹
430 866 594 922 bristout
612 866 693 922 tht.
1025 865 1161 932 Quantum
1174 867 1207 923 ad
1233 868 1365 925 infernum
1387 879 1530 939 spectaret
1545 872 1640 939 linem,
1654 871 1775 943 aliquan-

263 972 435 1015 snouuirranis
445 972 582 1013 eriseorus
594 971 675 1012 iviro
685 969 817 1012 urescere.
991 952 1054 1010 rufis
1067 956 1219 1026 corpusculi
1235 958 1336 1013 viribus
1356 957 1449 1028 vigeo,
1474 960 1569 1015 ansius
1584 969 1682 1027 tamen,
1704 962 1775 1029 qiiod

184 1049 311 1123 cogitare
333 1061 414 1120 atqne
436 1059 623 1120 pertractans,
647 1048 872 1105 inofliciositatem
894 1065 938 1105 rc·
990 1046 1025 1100 de
1048 1048 1147 1104 doruno
1170 1049 1252 1104 elilio
1273 1061 1381 1115 vestre,
1399 1050 1441 1105 vel
1460 1051 1628 1107 absolutione
1651 1051 1775 1123 colloquii

153 1152 231 1198 stram
250 1157 304 1211 qua
318 1141 420 1197 uitione
433 1140 620 1210 percellerent,
635 1141 673 1196 nil
692 1139 936 1212 digniusjiidicavi,
990 1138 1028 1193 nil
1041 1155 1169 1209 agnosco,
1184 1141 1254 1212 quod
1271 1157 1320 1198 nec
1334 1157 1369 1198 ee
1388 1142 1438 1198 loci
1461 1143 1555 1200 fuerim
1577 1154 1606 1198 ut
1631 1158 1776 1215 agnoscere

154 1245 228 1300 qiam
246 1231 269 1286 si
288 1229 420 1286 declinata
439 1229 536 1300 injuria
551 1229 618 1286 nibil
638 1231 747 1300 segnius
768 1230 937 1286 intentarem.
991 1231 1149 1300 potuissem.
1164 1231 1230 1285 Nam
1242 1233 1410 1288 monasteriis
1424 1230 1436 1270 ὖ
1452 1232 1685 1289 Greiienceesibus
1697 1247 1774 1289 occu·

154 1322 279 1392 Nequam
290 1320 372 1392 igitur
397 1323 424 1377 in
438 1331 574 1392 posterum
589 1322 748 1389 vereamini,
764 1322 809 1393 qui
828 1323 939 1380 cernitis
991 1331 1079 1392 petiis,
1095 1322 1249 1394 aliquandiu
1261 1322 1315 1392 jam
1337 1323 1489 1380 liabitecufo
1503 1325 1619 1381 civitatis
1627 1323 1774 1380 abluerant.

155 1421 310 1484 emerent
325 1428 423 1468 nonani
439 1414 561 1484 protinus
575 1413 689 1483 expiari.
991 1411 1128 1481 Siquidem
1152 1410 1255 1467 delicias
1269 1425 1337 1481 quas
1357 1412 1509 1484 dignatione
1530 1414 1607 1469 solite
1628 1413 1774 1480 direxistis,

406 1502 570 1559 aristeus
592 1502 685 1559 britti.
990 1501 1018 1556 in
1032 1503 1127 1558 itinere
1140 1518 1184 1559 mc
1197 1511 1223 1558 et
1237 1503 1323 1559 adhuc
1335 1503 1370 1560 ab
1382 1504 1447 1559 urba
1461 1503 1588 1559 remotius
1606 1504 1720 1574 positum
1734 1519 1775 1559 rc-

176 1608 270 1651 irirus
282 1609 435 1650 mursensis
450 1610 588 1651 entecnius
602 1609 760 1650 aroueirrani
775 1607 911 1650 eviscero.
991 1604 1131 1665 peterent.
1153 1596 1294 1665 Quasque,
1309 1597 1381 1667 quod
1403 1595 1586 1667 multipliciter
1600 1597 1707 1659 niiriirn,
1720 1609 1775 1650 ser-

185 1687 224 1743 lle
249 1687 385 1744 festivitati
410 1700 580 1742 occurrerem
604 1686 750 1742 necessitas
768 1687 888 1753 obstitit3
910 1697 939 1744 ut
953 1680 976 1740 B
991 1699 1040 1740 vus
1062 1695 1150 1741 vester
1173 1684 1338 1756 bertinianus,
1354 1687 1466 1742 multem
1491 1701 1615 1757 gemeus,
1637 1686 1775 1741 minimum

155 1779 215 1834 mibi
238 1778 368 1834 festivitas
391 1789 565 1846 occurreret,
590 1778 742 1835 humanitas
772 1781 937 1850 procuravit.
991 1788 1111 1843 sumens,
1126 1775 1205 1830 ³V5d⁰
1219 1776 1337 1846 (lumem,
1349 1776 1395 1833 ⁵00
1410 1791 1494 1832 l²0¹¹⁰
1508 1786 1603 1833 venile
1618 1776 1773 1832 lfdssSffllSll·

155 1868 272 1925 sctbtrb
284 1883 350 1939 crgo
365 1868 562 1924 indevotionem
574 1884 661 1925 meam
673 1869 783 1926 marinis
793 1886 842 1926 vos
854 1871 938 1942 copiis
990 1865 1117 1922 Putasses
1129 1866 1247 1938 eulogias
1261 1876 1365 1924 vestias
1379 1868 1465 1924 tenaci
1484 1883 1625 1926 corvorum
1641 1877 1728 1924 rostro
1742 1867 1775 1922 ad

155 1958 244 2015 luisse.
269 1959 382 2030 [iignum
404 1959 509 2015 scilicet
528 1974 613 2030 geniis
634 1960 776 2031 supplicii,
800 1963 871 2032 quod
895 1979 939 2019 nie
990 1963 1056 2017 [iiie
1079 1961 1140 2027 (til
1164 1962 1228 2034 fleg.
1256 1978 1323 2030 xiii,
1347 1963 1375 2033 d)
1399 1974 1503 2032 pastum
1527 1963 1624 2033 bajulis
1643 1961 1775 2034 unguibus

155 2048 290 2111 faciam...
304 2064 365 2105 curn
388 2048 523 2105 desiderio
536 2050 605 2120 gulae
619 2050 784 2107 conflictum.
805 2051 877 2109 Satis
892 2070 939 2109 ve·
989 2053 1122 2110 exhiberi.
1147 2054 1223 2111 ddce
1241 2054 1275 2111 ab
1295 2054 1467 2111 insultatione
1485 2068 1543 2110 mea
1566 2054 1593 2108 in
1615 2067 1662 2109 vos
1677 2053 1775 2124 justius

155 2146 191 2203 bis
203 2148 359 2217 presentari
373 2161 512 2217 cuperem,
528 2146 551 2200 si
573 2161 627 2202 non
643 2146 730 2202 taliter
748 2148 879 2217 puniretis
892 2149 938 2204 ab·
989 2148 1154 2214 exercenda,
1175 2147 1248 2205 misit
1268 2149 1406 2218 esuriens,
1427 2148 1498 2219 qnod
1513 2163 1608 2204 verare
1621 2160 1674 2201 non
1689 2145 1776 2218 potuit

154 2247 252 2294 mutes.
267 2237 374 2295 Utinam
394 2252 516 2294 censurae
536 2247 632 2295 vestrae
648 2239 676 2294 in
689 2247 847 2297 contumace
860 2257 938 2312 prena
989 2240 1193 2309 conscupiscens.
1218 2238 1319 2295 Vellem
1341 2254 1413 2295 iiunc
1432 2239 1503 2295 scire
1518 2238 1580 2309 quid
1604 2236 1687 2309 prosit
1703 2235 1774 2305 qued

155 2344 205 2384 non
218 2329 334 2386 desinat.
346 2330 417 2386 ttrbd
431 2331 515 2402 magis
530 2330 610 2387 timeo
625 2347 703 2402 quarn
723 2334 794 2404 qnod
808 2349 851 2390 nie
861 2335 938 2405 jube-
989 2331 1057 2402 gulae
1071 2331 1212 2401 peculiaris
1228 2331 1319 2386 famuli
1331 2329 1370 2386 sic
1381 2331 1505 2399 studetis,
1516 2330 1559 2386 ciii
1575 2345 1609 2386 nc
1622 2328 1687 2386 mibi
1699 2327 1775 2386 datis

155 2423 187 2476 tis
200 2421 227 2478 in
241 2429 378 2492 posterum
401 2423 438 2478 nii
452 2423 549 2479 vereri.
565 2423 759 2494 Indulgentiam
781 2424 820 2480 ilii
835 2427 879 2497 qni
894 2442 937 2482 re·
988 2438 1004 2478 a
1019 2424 1074 2478 fleo
1087 2423 1214 2493 vobisque
1229 2424 1320 2492 epulas
1341 2423 1375 2479 de
1394 2438 1440 2479 ore
1456 2423 1498 2478 vel
1519 2422 1643 2479 inanibus
1657 2431 1774 2492 raperet,

154 2514 255 2575 canerit
278 2514 357 2579 date,
385 2512 429 2568 cui
455 2513 529 2569 avari
551 2528 611 2569 esse
634 2514 772 2570 vofiicrltis
796 2514 936 2584 ignoscite.
988 2515 1116 2587 optabilis
1133 2515 1289 2570 absentandi
1312 2530 1391 2571 causa
1405 2530 1448 2571 me
1471 2514 1549 2585 rapit.
1565 2512 1697 2571 Ceterum
1713 2524 1726 2554 ⁸
1740 2515 1776 2572 de

154 2605 282 2660 deterere
302 2620 354 2668 nie,
369 2605 523 2674 qualitatem
545 2605 720 2661 districtionis
731 2617 883 2678 expertum,
899 2610 939 2665 ef·
975 2601 1154 2672 recentibus,
1169 2606 1231 2676 qnia
1245 2605 1399 2675 praecipitis,
1416 2616 1443 2662 et
1458 2621 1533 2663 meas
1553 2617 1643 2678 partes
1655 2606 1734 2674 cedo,
1747 2616 1776 2665 et

130 2760 134 2765 ι
155 2693 255 2749 fensani
270 2693 353 2761 magis
368 2703 483 2749 uestram
500 2704 606 2750 constat
624 2694 778 2751 desiderare
794 2711 874 2766 qnam
892 2712 939 2754 ve·
989 2699 1149 2767 multiplices
1170 2713 1240 2753 snas.
1265 2699 1361 2755 Utatur
1382 2709 1533 2768 paterarum
1556 2699 1704 2768 capacitate
1726 2714 1775 2772 pro

127 2852 132 2856 Ι
154 2798 233 2838 nni.
255 2780 294 2839 lle
315 2793 424 2847 cetero,
449 2785 615 2841 orationibus
634 2787 732 2842 vestris
748 2787 847 2843 tribuet
868 2789 938 2844 licus
987 2794 1081 2864 capis:
1097 2800 1195 2848 atterat
1218 2790 1299 2848 labris
1324 2790 1442 2863 phialas,
1462 2806 1528 2862 quas
1547 2791 1693 2847 circumdet
1706 2790 1775 2861 pite-

153 2872 352 2941 nosier,ntqnt
367 2871 503 2927 festivitati
518 2872 827 2944 bujusprresentisanni
842 2877 937 2934 officiis
987 2887 1090 2942 ciorum
1112 2882 1245 2940 densitare
1276 2897 1326 2953 pre
1352 2882 1471 2939 circulis.
1503 2882 1571 2938 Nam
1601 2881 1701 2938 curabo
1725 2897 1774 2952 ego

124 3032 130 3039 Ι
153 2962 233 3034 magis
246 2977 327 3032 quam
342 2963 444 3019 deliciis
459 2963 546 3031 abiet,
560 2964 586 3019 io
602 2973 722 3036 ternpore
737 2967 826 3026 futuro
839 2971 937 3027 vestris
988 2991 1106 3048 queque,
1121 2975 1193 3045 quod
1208 2988 1268 3030 euru
1290 2973 1360 3029 uelle
1383 2987 1528 3045 cognosco,
1544 2989 1605 3029 curn
1624 2973 1712 3028 simile
1725 2972 1774 3028 aii·

152 3054 368 3111 recusationibus
380 3053 476 3109 aflectu
489 3070 542 3111 non
555 3055 637 3110 simili
650 3059 827 3126 praesentetis,
839 3070 865 3116 et
875 3076 936 3119 curu
951 3049 974 3112 C
989 3065 1053 3137 quid
1068 3066 1101 3121 dc
1114 3072 1200 3120 vestra
1214 3063 1404 3120 benedictione
1426 3079 1533 3130 eruero,
1543 3063 1577 3119 ad
1588 3061 1770 3132 multiplican-

127 3216 130 3220 Ι
151 3145 271 3212 rediero,
284 3146 428 3201 severitate
448 3145 530 3202 simili
554 3146 711 3207 absentasse
729 3151 853 3208 credatis.
869 3153 936 3210 Octo
987 3160 1035 3214 dns
1046 3164 1168 3213 recentes
1182 3155 1251 3227 gelre
1262 3155 1376 3223 calceri,
1396 3157 1419 3211 si
1432 3170 1485 3211 iioii
1499 3155 1664 3226 excogitatur
1677 3153 1772 3211 merlus

151 3236 281 3305 palustres
294 3235 353 3306 quis
366 3237 428 3307 quia
443 3251 473 3292 se
483 3236 538 3293 duo
548 3239 621 3310 paria
635 3239 779 3313 solearum,
793 3258 853 3315 quor
867 3246 935 3302 den·
987 3247 1167 3317 tricatiorum,
1181 3256 1296 3317 periatur
1310 3247 1336 3301 in
1349 3247 1476 3316 piscibus.

149 3329 219 3386 tibus
235 3331 396 3398 macereris,
408 3332 577 3403 aliquatenus
591 3346 757 3401 commetes,
774 3352 826 3393 nori
846 3346 934 3395 tamen
1239 3336 1405 3395 aristote
1423 3337 1523 3393 titt·

148 3435 179 3478 ci
188 3422 294 3494 integre
308 3424 408 3480 malum
420 3441 467 3494 pro
479 3424 550 3481 malo
563 3426 677 3482 reddens
691 3428 791 3486 direxi.
1022 3444 1117 3485 ivirus
1135 3443 1286 3484 ureuesusts
1305 3443 1443 3484 eriscorus
1461 3441 1584 3483 vicennio
1603 3442 1734 3483 eviscero.

397 3514 563 3570 uutstubt
585 3515 678 3580 thv.
1023 3521 1132 3576 Factum
1152 3519 1223 3591 quod
1238 3519 1333 3575 litteris
1355 3518 1505 3584 indicassis,
1529 3516 1580 3572 lcii
1602 3518 1635 3571 ad
1655 3524 1773 3573 ineante

169 3616 262 3658 aeirus
283 3619 437 3660 viennensis
450 3618 587 3661 rrvscorus
601 3621 758 3664 viverrioee
772 3624 904 3668 erescere.
986 3613 1095 3670 affatum
1110 3622 1228 3670 testium
1243 3627 1353 3668 rumore
1367 3618 1534 3681 pervenerat.
1551 3608 1633 3681 Cujus
1653 3623 1700 3679 per
1712 3625 1773 3665 san·

180 3694 657 3766 Semtisdulcedinismorem,imo,
671 3702 803 3758 iiii-erius
817 3704 930 3772 dicatur,
985 3716 1057 3763 ctum
1084 3703 1239 3762 Archidiam
1265 3703 1411 3761 acerbitate
1437 3711 1592 3771 comperta,
1616 3701 1639 3755 si
1662 3699 1772 3757 credero

148 3785 258 3855 sugetis.
274 3786 415 3842 Refecistis
436 3787 644 3845 sollicitudinem
669 3801 785 3847 nostram
801 3792 836 3850 de
856 3795 931 3851 vobis
983 3798 1148 3870 dignamini,
1173 3811 1227 3851 non
1251 3795 1340 3850 minus
1363 3807 1507 3864 quamius
1532 3791 1651 3847 delorem
1677 3799 1772 3847 restrae

148 3893 271 3947 prospera
285 3880 430 3936 nuntimdo
446 3897 452 3933 ι
469 3881 595 3937 visitastis
608 3880 780 3939 festivitatem
793 3884 828 3940 de
847 3886 926 3943 nobis
984 3887 1171 3945 commotionis
1187 3885 1316 3957 ingemui.
1331 3882 1469 3953 Siquidem
1484 3879 1645 3951 sarisgravis
1656 3880 1771 3950 exempli

145 3984 204 4038 que
216 3973 350 4041 optabatis
363 3988 509 4044 agnoscere
523 3976 667 4045 cupiendo.
682 3976 756 4033 luter
777 3978 825 4035 bas
841 3989 928 4037 tamen
983 3989 1035 4045 est,
1049 3988 1078 4033 ut
1090 3993 1160 4034 nunc
1174 3975 1348 4032 sacerdotalis
1359 3974 1490 4030 ordinatio
1503 3988 1517 4026 a
1533 3974 1639 4043 populis
1655 3973 1771 4043 regenda

145 4061 302 4130 multiplices
320 4064 415 4133 epulas
437 4065 589 4121 animorum
604 4107 613 4134 ,
636 4068 716 4122 ctiani
745 4071 930 4139 corporalibus
983 4070 1086 4126 dicatur
1101 4086 1107 4122 :
1123 4083 1183 4123 cnm
1195 4065 1294 4121 idcirce
1309 4072 1412 4118 tanturn
1423 4063 1449 4117 iu
1462 4063 1652 4119 consecrandis
1664 4064 1769 4132 episco-

145 4166 248 4221 qnoque
260 4153 361 4210 deliciis
374 4155 491 4211 certastis
512 4165 540 4213 et
555 4171 687 4226 mensam,
703 4161 747 4228 qui
764 4161 930 4230 spiritalibus
983 4160 1024 4233 pls
1044 4158 1165 4230 plebibus
1179 4164 1303 4213 servetur
1318 4155 1425 4219 electio,
1441 4165 1471 4209 ut
1484 4154 1627 4211 assiduitas
1640 4156 1770 4212 constitu·

145 4242 275 4311 mumius
297 4243 455 4302 Ecclesiam.
479 4247 649 4318 Quapropter
659 4249 745 4319 impar
769 4251 802 4305 ad
817 4251 929 4321 gratias,
983 4249 1148 4307 tionisvelur
1172 4262 1220 4319 per
1244 4245 1379 4317 quoddam
1402 4244 1558 4301 mandatum
1577 4246 1671 4302 electis
1691 4246 1770 4302 liceat

178 4390 192 4418 ¹
211 4380 335 4438 f'ratrriin
357 4398 449 4440 amere
471 4384 568 4456 dignus
590 4384 740 4440 condictus.
765 4386 967 4453 Apollinarisn
1020 4387 1177 4441 ruccones
1192 4384 1309 4453 appellat
1332 4380 1446 4438 rer-entis
1461 4389 1508 4434 arit
1528 4381 1671 4448 recentati,
1688 4382 1769 4437 idest

120 4450 213 4506 -driti
234 4452 324 4507 fratris
344 4455 584 4519 inofliciositatem,
606 4455 678 4521 sire,
705 4465 734 4510 ut
755 4455 849 4513 dvitirs
870 4457 928 4526 ipse
983 4458 1016 4513 ad
1037 4458 1153 4524 rigerem
1177 4456 1293 4521 redacti,
1309 4455 1362 4508 vini
1380 4452 1517 4521 potiones,
1538 4466 1603 4520 quos
1619 4451 1769 4506 Leoniaiiiis

143 4530 233 4584 sumt,
257 4522 471 4589 indevotionem,
496 4524 566 4593 quod
586 4525 620 4580 ud
635 4525 782 4581 Valentinos
805 4527 928 4583 ccclesiae
983 4528 1088 4582 calente
1109 4527 1168 4593 gula
1184 4526 1377 4595 frequentabat.
1393 4523 1437 4578 Sic
1449 4521 1561 4590 epistula
1585 4521 1620 4575 'il
1637 4540 1642 4571 :
1660 4521 1768 4575 Summe

143 4590 312 4647 festivitatem
334 4608 388 4648 nou
408 4595 524 4661 iciicrii,
551 4594 698 4658 ulcisceris,
719 4597 842 4664 supplicii
867 4599 927 4653 leco
981 4597 1172 4664 importunitate
1191 4613 1300 4667 pereqo,
1319 4605 1347 4648 ut
1361 4606 1409 4648 ires
1427 4601 1538 4646 rereiiies
1552 4590 1610 4645 eliis
1630 4592 1687 4658 plus
1699 4607 1767 4660 pire·

143 4673 252 4714 munera
277 4661 409 4717 miserat:
429 4665 538 4727 Avitus,
564 4665 675 4719 fraterni
698 4668 820 4737 supplicii
842 4682 927 4736 geniis
981 4683 1091 4720 sariram.
1108 4667 1246 4733 Eoitaque
1259 4673 1360 4733 spectat
1373 4663 1443 4733 qnod
1459 4662 1588 4730 seqnitur,
1601 4669 1768 4731 irretiirprite-

141 4727 262 4792 laudaris,
277 4735 406 4800 perierim
421 4734 509 4788 studio
524 4743 721 4789 remuneratur.
981 4752 1069 4789 rorirm
1084 4738 1223 4804 enpncirere
1236 4751 1282 4799 pre
1295 4735 1365 4798 copis
1380 4751 1386 4785 :
1403 4730 1479 4800 quasi
1490 4733 1569 4793 dicat,
1592 4746 1640 4800 pro
1654 4732 1771 4799 vasculis

174 4797 370 4856 *Genauensi
393 4801 474 4872 Cujus
499 4818 595 4858 nemen
620 4804 689 4859 inter
714 4804 855 4874 episcopos
880 4807 925 4873 qiii
982 4805 1094 4872 origne,
1116 4805 1215 4873 pateris
1238 4804 1308 4858 bibat
1325 4801 1527 4872 capacioribus,
1543 4802 1588 4855 ubi
1609 4802 1680 4869 copis
1698 4815 1766 4856 nova

138 4866 290 4936 dissensuri
309 4871 423 4926 concilio
443 4873 594 4927 adfuerunt.
617 4873 658 4929 Ab
679 4874 729 4930 lieo
744 4874 862 4944 eulogias
877 4891 924 4930 seii
983 4876 1128 4930 inflexione
1150 4875 1240 4943 posuit
1263 4888 1312 4942 pro
1336 4871 1484 4937 capidibus.
1509 4869 1622 4940 capides
1646 4869 1718 4926 enlin
1741 4881 1769 4926 et

137 4952 269 5004 manera,
285 4941 389 5011 opimas
408 4943 500 5012 epulas
518 4957 577 4997 euni
593 4945 757 5010 accepisset,
779 4945 805 4998 in
830 4945 924 5000 barum
981 4946 1085 5013 copulae
1107 4945 1176 5014 apud
1193 4943 1354 5006 Varronem,
1374 4943 1460 5007 poculi
1480 4957 1565 5010 genus
1586 4954 1640 5010 quo
1660 4939 1768 5009 deplere

136 5006 249 5064 fetorem
265 5011 370 5065 ilarimi
385 5012 511 5066 famulum
527 5012 614 5080 lepide
624 5013 740 5082 iocatur.
983 5029 1044 5068 vasa
1058 5015 1155 5068 olearia
1175 5013 1309 5068 solebant.
1323 5012 1423 5067 Eodem
1447 5026 1553 5080 qnoque
1568 5011 1682 5080 pertinet
1695 5010 1766 5080 quod

174 5087 187 5117 ⁶
201 5080 373 5149 sigismundo
386 5096 459 5151 rege,
475 5097 553 5150 quem
565 5083 683 5138 Genaure
696 5085 722 5139 lii
736 5093 810 5139 sorte
825 5098 872 5139 sua
889 5085 926 5139 fa·
980 5085 1131 5154 subjungit,
1146 5092 1238 5138 atteret
1252 5083 1330 5137 felnis
1347 5081 1462 5148 pfiiefes,
1475 5097 1538 5143 quos
1552 5079 1689 5134 circumdet
1701 5080 1768 5148 pirn-

135 5158 194 5202 [ιιι
209 5149 334 5207 babuisse
352 5150 379 5206 in
392 5153 504 5220 epistola
516 5152 551 5207 tu
564 5154 782 5223 conjiciebamus.
980 5155 1078 5209 ciorum
1089 5155 1213 5208 densitare
1223 5169 1269 5222 pro
1282 5152 1392 5206 circulis.
1409 5152 1468 5216 Quo
1482 5150 1541 5205 leco
1555 5150 1596 5203 cui
1608 5149 1665 5204 usui
1679 5147 1769 5205 forent

173 5217 239 5274 ‘tte
264 5221 362 5291 equibus
388 5221 515 5278 Sidonius
539 5223 585 5278 lib.
604 5238 651 5288 vii,
674 5224 752 5292 epist.
781 5226 836 5278 ti:
860 5222 926 5277 Flu·
981 5224 1087 5291 pitacia,
1103 5223 1222 5278 Petronii
1246 5223 1345 5278 Arbitri
1361 5222 1389 5277 iri
1399 5220 1508 5276 satirico
1525 5219 1605 5274 verba
1618 5219 1765 5274 declararit.

137 5294 265 5343 acumem
274 5292 389 5364 requiem
403 5292 512 5360 [rutrum
522 5292 702 5346 destitutorum
715 5294 855 5347 secuisrfuut
871 5301 923 5347 sto·
982 5292 1077 5348 Statim
1090 5293 1177 5348 offerre
1188 5302 1257 5357 sunl,
1274 5292 1369 5360 lnqiift,
1386 5289 1517 5359 nuipisoreu
1535 5291 1620 5344 sftreoe
1633 5286 1767 5360 dr‘fi'qeiiter

139 5368 194 5412 lsts
206 5358 377 5416 ϋιίιιειιιίιιιιι
396 5362 435 5415 nef
448 5358 654 5416 Grinincensium
672 5365 778 5432 festinius
797 5364 922 5433 infernin.
998 5373 1105 5432 qpsotoe,
1120 5379 1228 5434 quornm
1241 5367 1266 5416 iii
1276 5362 1411 5416 ceruicibus
1422 5360 1516 5429 piterio
1529 5370 1601 5414 eraut
1614 5361 1695 5427 affieri
1707 5375 1767 5412 cum

142 5426 352 5486 deserendum
367 5433 557 5491 inonaclrrirum
572 5431 678 5486 fairrilim
694 5447 778 5502 prope
793 5433 922 5488 l'icnnam
981 5382 1029 5486 zoe
1042 5436 1126 5503 tireio,
1141 5431 1281 5486 Falernum
1293 5431 1459 5496 Opimianum
1470 5445 1597 5484 eiinorimi
1609 5439 1719 5482 ceritum.
1736 5427 1765 5481 lii

143 5511 234 5568 metuo
245 5502 311 5556 olim
326 5517 438 5558 numere
458 5500 576 5565 fuerent,
596 5502 646 5556 sub
659 5516 723 5556 cera
742 5510 770 5558 et
782 5502 922 5571 disciplina
981 5504 1052 5557 vasis
1067 5518 1131 5572 ergo
1153 5502 1272 5565 vinariis,
1288 5500 1360 5554 aftisi
1386 5500 1542 5569 pitaciernin
1557 5498 1636 5562 tituli,
1653 5497 1704 5549 tini
1718 5510 1765 5550 cii·

143 5567 254 5640 epicopi
274 5572 435 5627 Vicniicesis
456 5587 464 5625 :
484 5571 581 5640 qiiibiis
600 5570 712 5639 preinde
726 5571 922 5631 risitaiirlisoc·
971 5571 1069 5642 jusque
1087 5574 1210 5641 patriam,
1225 5577 1344 5638 aetamm,
1355 5571 1470 5641 pretium
1484 5581 1512 5628 ct
1527 5566 1681 5640 dignitatern
1696 5564 1764 5621 iudi·

143 5649 260 5705 repatuin
274 5654 304 5699 s.-
315 5642 366 5699 boc
379 5651 500 5709 tempore
510 5641 593 5699 fuisse
602 5641 741 5710 siginificat.
972 5641 1077 5698 rabant.
