3816 6120
130 299 183 354 ele
759 287 787 344 S.
809 287 902 344 nillil
924 285 1122 345 rlrrtlllrusls
1700 285 1754 349 bid

131 411 242 466 turbetur
264 418 325 462 esse
348 414 471 471 ornator;
490 417 540 461 nec
554 403 625 461 istud
645 402 824 474 corporaliter
845 400 917 459 acei-
931 399 1095 471 Aderimus,
1108 404 1222 458 animam
1236 411 1324 459 tamen
1338 400 1440 457 arbitrii
1454 407 1603 471 compotem
1616 413 1755 471 capacem·

133 497 257 568 piendum
272 505 323 553 est.
347 495 505 566 Episcopum
521 494 564 550 coi
584 492 701 564 injuncta
724 493 822 549 merito
839 503 919 549 orna·
969 509 1022 566 que
1033 493 1156 563 rationis,
1167 493 1200 550 ad
1215 493 1367 565 eligendum
1382 491 1499 560 bonum,
1516 491 1539 546 si
1554 493 1623 547 licus
1642 491 1757 561 inspira·

133 594 222 642 menta
242 582 431 655 suppeditent,
456 597 509 639 non
523 583 605 639 comit
620 596 736 653 pompa,
760 580 807 636 sed
822 581 915 653 gratia·
970 587 1050 653 uerit,
1064 584 1230 643 exhibemus.
1245 585 1366 656 Cumque
1380 597 1506 655 processu
1521 582 1652 654 ternporis
1663 583 1758 638 ratiun-

133 676 178 732 Sic
192 676 281 746 ilaulle
293 673 465 729 wceidfflllli
480 673 574 739 100113,
599 680 702 727 arctim
718 671 792 726 lilim
807 679 834 726 ⁰1
855 683 920 725 θοι·
970 677 1033 733 tatis
1057 685 1157 735 nostrae
1176 675 1290 746 qualitas
1304 674 1486 738 confirmatur,
1511 672 1557 728 ilci
1578 672 1704 728 voluntas
1716 680 1758 729 esl

135 765 287 820 tribulatam
303 762 439 834 Evangelii
453 763 575 820 semitam
589 771 703 829 tenens,
719 775 820 832 perque
838 774 921 830 angu-
971 774 1001 822 ut
1018 765 1086 822 bene
1100 765 1245 834 iaciamus,
1262 763 1309 821 sed
1328 771 1448 820 nostrum
1463 761 1588 833 estquod
1603 760 1758 819 iecerimns.

136 856 201 912 stirs
214 854 273 925 ejus
288 862 347 924 post
360 868 391 909 se
404 853 484 909 etiam
500 853 626 924 populum
650 851 768 921 trabeas,
784 852 920 906 sinistram
970 855 1013 912 dn
1031 854 1100 912 iorte
1112 855 1176 911 dicit
1189 855 1304 924 aliquis,
1321 862 1349 910 et
1363 854 1432 910 benc
1448 853 1534 925 ipsam
1549 853 1613 909 boni
1625 852 1759 910 amionem

137 945 250 1017 lugiens,
265 944 402 1000 dexteram
416 960 469 1002 non
491 958 674 1019 praesumens,
695 942 874 1014 periculosum
888 958 922 999 ex
973 955 1061 1019 potest
1073 947 1155 1003 bomo
1168 946 1310 1003 insidiante
1320 944 1427 1001 diabolo
1441 944 1562 1014 perdere.
1578 944 1679 1001 lerum
1700 952 1760 1012 est,

138 1049 251 1110 utraque
275 1047 350 1110 parte
373 1037 503 1094 lubricum
526 1036 713 1106 pertimescat,
740 1044 768 1092 et
789 1033 923 1093 sermonis
972 1036 1043 1109 qnod
1057 1037 1180 1094 amittere
1193 1036 1273 1092 bomo
1287 1035 1385 1093 bonum
1400 1033 1536 1105 proprium
1549 1032 1761 1090 iuranteadrer·

139 1129 277 1201 apostolici
301 1127 398 1183 libram
410 1127 565 1198 equalitate
579 1125 802 1182 considerationis
822 1138 923 1195 appen·
973 1127 1045 1184 sario
1055 1135 1154 1198 potest.
1169 1126 1223 1183 Sed
1237 1126 1301 1182 ltine
1314 1127 1398 1195 magis
1412 1133 1532 1181 nostrum
1546 1123 1643 1196 coelici
1662 1125 1761 1194 debet,

139 1223 218 1289 dens,
235 1221 258 1277 si
272 1220 410 1277 districtus
424 1234 484 1276 csse
497 1219 623 1286 uoluerit,
638 1217 709 1288 leget
721 1232 772 1271 oon
792 1228 925 1285 percurro·
974 1220 1035 1291 qnia
1047 1234 1101 1276 nott
1113 1219 1245 1275 uiolenter
1259 1218 1387 1275 aufertur.
1407 1216 1465 1273 Non
1485 1217 1556 1274 enim
1573 1215 1664 1274 taliter
1675 1215 1762 1288 perdi·

139 1328 213 1378 remr
232 1311 255 1366 si
269 1310 422 1378 laureanus,
437 1324 488 1364 non
507 1307 680 1372 ιιιιοιιιιιιιιιις
698 1307 721 1363 si
740 1306 857 1372 sobrius,
872 1320 925 1360 rtott
975 1324 1035 1366 mus
1050 1309 1216 1377 mercedem,
1232 1308 1347 1378 qualiter
1361 1305 1525 1364 facultatem,
1536 1306 1612 1375 Quod
1629 1307 1703 1364 enim
1714 1321 1764 1364 ῃ.

141 1416 263 1468 romum·
281 1401 305 1456 si
319 1401 457 1467 subditus,
475 1415 527 1454 noa
543 1399 687 1472 abjectum
704 1397 855 1462 riserunt,
874 1412 926 1452 son
977 1408 1017 1456 tra
1030 1414 1079 1457 noe
1094 1408 1151 1468 est,
1166 1400 1283 1455 earnalis
1302 1398 1427 1454 inimicus
1448 1397 1576 1468 rapiendo
1587 1396 1698 1455 auterre
1716 1412 1765 1469 po·

142 1493 252 1558 elatum,-
269 1492 293 1546 si
313 1491 483 1554 misericors,
498 1505 550 1545 noa
570 1490 724 1554 remissumr
742 1489 765 1545 si
788 1488 925 1554 terribilis,
977 1497 1027 1546 test
1042 1508 1050 1548 :
1065 1491 1135 1562 qnod
1148 1503 1211 1545 tero
1222 1490 1289 1545 intra
1300 1502 1366 1558 nos,
1382 1502 1437 1544 non
1451 1496 1538 1558 potest
1548 1487 1698 1558 spiritualia
1712 1489 1765 1546 nisi

142 1595 194 1636 nort
205 1590 356 1644 ειιιιιιιιιιιι;
374 1579 397 1634 si
411 1580 515 1634 domum
528 1595 600 1634 ruam
611 1578 672 1634 lens
682 1588 819 1650 repentem,
836 1579 927 1650 utique
978 1579 1128 1637 insidiando
1139 1579 1232 1636 iurati.
1248 1580 1282 1634 Et
1295 1578 1370 1647 ideo,
1392 1577 1415 1634 ai
1431 1578 1506 1635 sciret
1515 1578 1704 1649 paterfamilias
1715 1592 1767 1648 qtra

142 1668 311 1725 ordinantem
325 1669 429 1735 omnia,
450 1669 629 1740 negligentem
644 1669 726 1739 nulla,
745 1670 926 1740 acquirentem
978 1673 1042 1728 ltere
1055 1673 1099 1741 {arr
1113 1673 1193 1739 tenir,
1212 1670 1326 1743 rigiioret
1341 1670 1438 1742 atique,
1456 1678 1479 1725 et
1491 1686 1542 1724 nort
1560 1669 1653 1725 deero
1665 1670 1766 1742 parlasii

143 1759 245 1830 multa,
273 1760 385 1830 plurima
407 1760 617 1832 dispensantem.
634 1761 704 1832 Ergo
718 1769 747 1817 et
760 1760 822 1817 huic
835 1775 869 1817 cx
880 1761 927 1817 ad·
942 1757 965 1818 B
979 1762 1082 1817 domum
1104 1778 1177 1818 mom
1199 1760 1280 1835 (bur.
1308 1776 1344 1816 ιιι
1354 1800 1362 1830 ,
1383 1759 1446 1832 ee).
1468 1759 1516 1816 llla
1535 1774 1600 1830 ergo
1617 1768 1659 1816 est
1670 1760 1767 1819 domos

144 1851 301 1908 ministratae
324 1852 420 1908 domus
433 1853 545 1925 prolrato
565 1861 693 1924 rectoque
710 1853 833 1925 iudicio,
848 1868 929 1925 super
981 1861 1082 1921 nostra,
1095 1867 1166 1924 qum,
1180 1853 1202 1908 si
1216 1851 1376 1924 vigilamus,
1391 1867 1443 1908 non
1459 1857 1546 1924 polest
1557 1849 1628 1909 dirui
1645 1867 1652 1906 :
1667 1850 1713 1905 illa
1724 1864 1767 1907 re·

143 1943 289 2012 euangelici
307 1943 379 1999 illius
402 1943 573 1999 nummularii
587 1959 706 2001 mensam
721 1949 833 2016 pecnnia
846 1946 929 2000 multa
980 1959 1011 2001 ro
1024 1958 1134 2014 prorsus
1152 1943 1238 1999 aliena
1250 1950 1310 2010 est,
1329 1956 1389 2013 quas
1404 1951 1491 2014 potest
1503 1942 1678 2013 uigilantibus
1692 1940 1767 1999 nobit

34 2074 38 2081 -
145 2033 327 2102 committitur,
342 2048 402 2105 quse
425 2034 601 2107 multiplicato
615 2033 751 2093 reddenda
771 2036 930 2106 compendio
981 2033 1118 2104 occupari.

146 2139 196 2183 uos
208 2127 293 2184 eritis.
1140 2124 1187 2180 dil
1204 2123 1407 2182 l'lllOTillilill
1426 2123 1608 2182 SiclilillAE.

517 2221 560 2277 lli.
982 2215 1009 2275 l.
1030 2215 1063 2272 ln
1083 2231 1176 2287 rnoqno
1194 2215 1602 2271 oeremdomononroltrnrnral
1616 2230 1678 2273 roro
1690 2230 1765 2271 sarra

310 2311 319 2381 (
331 2309 369 2365 iix
384 2310 495 2380 epistola
506 2319 598 2367 eontra
611 2309 768 2382 Fauslttm.)
1124 2317 1148 2363 et
1160 2316 1290 2379 arqentor,
1304 2307 1349 2363 red
1359 2319 1381 2363 et
1394 2308 1478 2380 ligneo
1491 2317 1515 2364 rt
1528 2309 1630 2378 petilio.

182 2398 278 2456 Fateor
290 2399 317 2456 in
336 2402 495 2457 necessitate
510 2403 613 2472 positis,
631 2411 697 2460 ete..
712 2413 738 2457 ul
752 2403 779 2458 in
793 2403 931 2475 emerant
1363 2396 1382 2452 l.

151 2489 326 2563 (culmina),
337 2493 455 2562 usquead
465 2492 491 2548 irt
501 2507 581 2550 earne
592 2507 645 2550 non
655 2494 754 2551 uicerat
763 2495 929 2566 conjugatos.
1129 2487 1184 2560 (Ex
1199 2502 1323 2544 sermone
1335 2486 1380 2544 die
1392 2485 1410 2541 5
1424 2486 1626 2557 llogetionom.)

517 2582 561 2638 tv.
1019 2579 1161 2648 Quomodo
1173 2579 1214 2645 sl,
1230 2578 1316 2650 inquit
1328 2576 1411 2650 (lsai.
1427 2592 1506 2648 txut,
1516 2578 1580 2648 20),
1596 2576 1769 2635 inierantdlii

289 2671 348 2743 (Ex
361 2687 486 2730 sermone
499 2673 542 2731 die
557 2675 574 2730 2
588 2675 792 2749 llogalionum.)
983 2671 1064 2730 israel
1087 2685 1183 2727 munus
1198 2672 1226 2725 itt
1239 2684 1302 2726 vase
1317 2671 1416 2726 mundo
1430 2669 1456 2725 ln
1473 2669 1581 2724 domum
1597 2667 1722 2735 bomini,
1735 2670 1771 2725 le

183 2760 240 2832 Age
254 2775 334 2828 none,
350 2764 378 2818 in
388 2774 516 2834 quantum
530 2775 618 2836 potest
628 2765 703 2833 lieri,
715 2767 854 2825 uideamus
872 2785 933 2841 qum
983 2763 1070 2834 gltnus
1085 2762 1112 2817 in
1126 2760 1265 2831 apostolo,
1280 2761 1308 2815 in
1320 2759 1395 2815 doura
1411 2776 1505 2833 magno
1518 2759 1667 2814 neormam
1681 2773 1771 2831 arqen-

149 2859 241 2907 nostra
267 2864 361 2921 quaere
380 2853 467 2908 aliena
491 2856 555 2910 sint.
579 2855 625 2911 Ait
647 2855 745 2912 Paulus
765 2858 901 2928 apostolus
923 2875 931 2915 r
983 2853 1175 2920 tramitteret,
1189 2850 1234 2905 red
1246 2852 1323 2906 etiam
1335 2851 1420 2923 ligneo
1432 2859 1525 2905 eomer
1536 2849 1628 2919 ficlilia
1641 2847 1693 2922 (ll
1703 2848 1771 2907 Tim.

150 2940 226 2997 Nrirt
238 2942 410 2999 intulimusirr
424 2945 490 2999 burto
500 2945 633 3014 utendum,
648 2947 693 3002 reti
706 2963 751 3001 nee
764 2949 865 3019 auferre
874 2965 934 3020 pos·
983 2956 1023 3013 tt,
1048 2943 1099 3012 90)
1123 2940 1245 3011 reperiri·
1264 2940 1328 3009 0⁰³2
1348 2940 1376 2996 in
1394 2940 1452 3012 ipsa
1470 2940 1601 3012 millium
1616 2942 1772 2998 (ίίῖθῐῦὶῑιῑθ

149 3049 237 3088 ramus
257 3031 288 3106 (1
301 3033 367 3089 Tim.
387 3049 429 3102 ut,
445 3035 488 3107 l).
505 3035 538 3092 Ει
549 3036 613 3107 quid
628 3046 748 3094 nostrum
760 3038 812 3096 dici
827 3045 931 3109 potest,
984 3033 1073 3089 omnia
1090 3041 1272 3103 possunlesse
1287 3032 1361 3099 usui,
1382 3031 1488 3088 etiamsi
1509 3046 1561 3086 non
1573 3037 1639 3086 aunt
1658 3031 1772 3102 tequalia

150 3121 220 3192 quod
234 3135 287 3177 non
302 3124 456 3193 intulimus,
477 3127 600 3198 quodque
620 3144 673 3184 nott
693 3129 802 3186 relaturi
822 3117 969 3187 sumule
985 3124 1117 3194 dignitati.
1132 3122 1391 3180 collibertisrantiae
1413 3121 1484 3177 nitor
1498 3135 1564 3191 opus
1573 3129 1625 3176 est.
1639 3120 1732 3178 Potest
1746 3122 1773 3176 in

152 3210 257 3282 Nudus,
272 3213 357 3284 inquit
370 3214 430 3279 iob,
446 3215 510 3270 exiri
528 3217 560 3272 de
576 3227 646 3272 utero
659 3219 746 3275 moab
759 3235 836 3289 ntem,
850 3221 934 3275 nudus
984 3213 1110 3270 lictilibus
1134 3214 1267 3279 vasculis,
1293 3211 1438 3269 dummodo
1460 3212 1590 3268 munditia
1611 3227 1666 3267 non
1686 3212 1772 3276 desit.

151 3315 262 3359 rererrm
280 3305 307 3359 in
323 3317 416 3361 terram
429 3306 493 3378 (iob
509 3323 532 3377 t,
552 3310 584 3364 tl
595 3307 617 3379 ).
634 3310 710 3366 Putet
727 3325 806 3381 quam
821 3311 935 3367 laudetis
984 3305 1081 3361 ditium
1097 3304 1188 3360 domui
1203 3318 1299 3360 munus
1309 3302 1415 3371 oilerri,
1430 3304 1453 3360 sl
1468 3317 1515 3359 ras
1527 3318 1560 3358 ex
1574 3303 1671 3359 eadem
1685 3317 1772 3359 massa

152 3393 186 3449 tit
201 3394 436 3464 ususdiritiatum,
453 3395 499 3467 qui
514 3411 563 3452 nos
577 3398 664 3454 necin
680 3398 933 3469 principiumque,
985 3397 1093 3466 lictum,
1114 3397 1176 3467 quia
1198 3396 1334 3467 peccando
1357 3396 1491 3453 ceciderat
1512 3396 1539 3452 in
1561 3395 1772 3461 contumeliam,

154 3485 240 3541 necin
255 3486 307 3542 ilne
319 3489 470 3543 comitatur.
482 3487 549 3556 Quid
563 3503 656 3544 amum
667 3498 695 3545 et
706 3502 843 3561 argentum
855 3507 935 3549 arare
985 3487 1139 3560 pmnitettdn
1154 3487 1247 3544 redeat
1260 3487 1292 3543 atl
1313 3487 1453 3544 bonorem.
1474 3487 1606 3542 Habemus
1620 3487 1695 3542 enim
1715 3484 1774 3539 tire·

154 3572 332 3643 ntultiplicasl
344 3576 406 3646 qnid
420 3587 492 3632 tunm
507 3577 585 3644 dieis,
600 3579 633 3634 ad
643 3580 713 3649 qnod
724 3583 810 3638 nudus
820 3585 936 3640 uenisti?
985 3592 1094 3634 sautum
1111 3578 1191 3634 istum
1206 3578 1232 3634 ln
1246 3577 1317 3634 uasis
1331 3577 1456 3634 dctilibos
1470 3575 1517 3649 (lt
1530 3575 1588 3631 cn.
1603 3592 1640 3642 ιι,
1656 3577 1702 3647 l).
1713 3574 1774 3631 llas

153 3664 243 3722 blondi
254 3676 295 3723 est
309 3667 419 3722 iaeultas
433 3683 511 3739 qoam
526 3679 616 3741 tuam,
635 3675 784 3728 communis
803 3682 844 3730 est
856 3690 935 3746 quam
986 3686 1050 3743 ergo
1065 3672 1190 3742 vaseula,
1205 3679 1235 3727 ut
1248 3670 1317 3739 diri,
1331 3670 1514 3740 poenitentium
1526 3677 1633 3724 teneant
1643 3680 1775 3737 eomputa-

154 3757 289 3828 propriam
301 3767 387 3826 prutes.
405 3758 451 3814 l'ia
464 3760 566 3815 itineris
579 3764 760 3833 culuscunque
774 3779 852 3835 quam
874 3781 936 3836 gra-
985 3762 1113 3818 ctionem.
1126 3761 1209 3817 Porro
1225 3761 1312 3831 lignea
1326 3759 1471 3830 legitima·
1486 3758 1692 3829 conjugatorum
1708 3773 1775 3829 pra·

154 3846 252 3914 diutur,
269 3846 387 3904 breuiter
401 3848 454 3903 dici
467 3859 555 3907 nostra
570 3861 671 3922 potest,
682 3853 744 3908 dum
760 3870 774 3909 a
789 3856 867 3912 nobis
880 3871 939 3912 am·
987 3855 1076 3913 ierrnt
1086 3854 1284 3924 simplieitatem
1297 3867 1411 3910 :cruore
1421 3854 1545 3926 martyris
1554 3867 1634 3910 aurea
1645 3855 1774 3919 rubeant,

154 3938 260 3995 bulatur
282 3954 290 3994 a
314 3938 468 3995 nobisrero
486 3942 699 4013 praetergressis,
720 3944 824 3999 illorum
838 3946 937 4017 estqui
987 3944 1150 4014 uirginitatis
1170 3943 1244 3999 radio
1270 3953 1397 4013 argentea
1422 3943 1617 4014 perlucescant.
1642 3943 1774 4000 vasorum

154 4037 311 4099 sequuntur.
328 4031 465 4098 Quomodo
480 4040 567 4102 potest
580 4042 670 4090 nostra
690 4049 750 4090 esse
770 4035 879 4091 iaeultas
893 4051 938 4093 ca·
988 4034 1080 4093 talium
1096 4035 1229 4106 capacitas
1241 4043 1299 4102 eet,
1316 4034 1386 4104 quod
1406 4034 1571 4090 rationabilis
1592 4043 1699 4090 naturm
1709 4048 1775 4092 eon·

154 4121 220 4175 duca
232 4132 311 4192 atque
321 4128 440 4189 terrena,
450 4122 472 4176 si
486 4137 539 4178 non
548 4135 771 4196 pascalegenum,
784 4140 843 4182 eum
853 4127 937 4197 possit
988 4125 1036 4181 diti
1051 4138 1155 4180 sumus.
1170 4125 1198 4180 ln
1219 4124 1276 4180 tac
1289 4125 1370 4179 modo
1386 4125 1523 4194 provideat
1543 4124 1577 4180 de
1599 4139 1649 4180 suo
1663 4126 1774 4196 quisquc

155 4225 264 4281 pascere
278 4211 440 4268 uiolentuml
460 4213 599 4280 Quomodo
613 4228 733 4272 nostrum
753 4226 811 4283 est,
834 4217 861 4272 in
885 4230 939 4287 quo
988 4217 1060 4286 quod
1073 4215 1170 4272 oderat
1186 4233 1193 4270 :
1209 4230 1258 4285 pro
1275 4215 1404 4284 qualitate
1418 4229 1557 4269 munerum
1579 4212 1608 4268 llt
1623 4215 1775 4284 pretiosius

155 4316 204 4358 neo
218 4301 346 4371 capiendo
356 4302 467 4369 innoxii,
480 4318 529 4360 nec
541 4305 702 4363 continendo
711 4307 796 4377 justi,
810 4322 859 4365 nec
874 4321 937 4378 pos·
989 4307 1170 4364 vasculorum.
1191 4305 1250 4361 istis
1271 4304 1352 4360 eredo
1370 4304 1483 4359 vasculis
1500 4303 1622 4358 ileliseus
1637 4301 1698 4373 (W
1713 4304 1774 4373 lleg.

155 4392 267 4449 ridendo
288 4393 371 4460 certi,
394 4409 444 4450 nee
466 4397 649 4453 conseruando
670 4398 759 4454 securi
779 4401 890 4455 sumnsl
904 4399 939 4455 lit
990 4398 1035 4469 ιι)
1048 4399 1182 4471 qnondam
1198 4399 1328 4468 liquorem
1339 4398 1390 4450 olei
1401 4396 1500 4450 vivacis
1514 4393 1620 4461 inludit,
1632 4393 1705 4466 quod
1716 4406 1774 4450 curo

155 4498 234 4553 quam
251 4499 298 4552 pro
311 4493 385 4540 serto
399 4492 537 4552 tenemus,
563 4502 611 4543 nos
632 4488 717 4544 nodos
740 4489 767 4544 in
781 4500 880 4546 terram
894 4505 938 4546 re·
953 4472 1086 4546 ¹‘liueret
1100 4489 1237 4560 irriguum,
1254 4503 1306 4542 non
1320 4502 1336 4542 c
1348 4486 1425 4542 ssnrit
1438 4485 1587 4555 impletum.

156 4577 238 4640 trisse,
255 4583 307 4629 tam
319 4587 392 4629 certo
403 4574 528 4642 sciamus,
543 4575 577 4632 de
587 4578 757 4635 terrestribus
770 4594 820 4635 nos
833 4581 939 4637 auferto

157 4664 222 4719 niitil
237 4677 324 4732 posse.
338 4663 481 4734 Apostolus
490 4680 520 4720 se
534 4667 627 4722 recolit
641 4668 707 4724 nibil
721 4671 858 4736 intulisse,
872 4672 939 4727 ttiltil
1258 4618 1305 4674 M)
1324 4615 1505 4672 HEBRAEOS'

157 4755 305 4810 ablaturum
320 4770 389 4811 esse.
406 4754 457 4811 iolt
480 4757 576 4813 latetur
589 4759 689 4813 trudunt
710 4775 740 4817 se
761 4772 866 4830 tratum,
891 4778 942 4817 nu·
1028 4753 1053 4806 1·
1075 4751 1160 4806 smil
1174 4766 1244 4805 meur
1254 4765 1280 4803 θ*
1294 4758 1338 4815 ¹⁰»
1352 4764 1399 4820 09⁰
1411 4748 1486 4802 '¹⁰55‘
1497 4747 1573 4818 genui
1585 4755 1619 4805 ‘⁶-

157 4846 273 4916 dumqtte
284 4846 450 4903 moritorum.
464 4848 590 4904 Salomon
603 4852 726 4906 omnibus
737 4867 827 4920 parem
842 4852 939 4909 clamat
1029 4841 1072 4897 ll.
1091 4840 1226 4896 iiittorerti
1239 4855 1296 4894 eunt
1308 4838 1387 4906 poulo
1399 4839 1482 4898 minus
1494 4837 1527 4891 ab
1539 4835 1640 4908 angelis

159 4937 293 4991 intentum
318 4945 346 4992 et
370 4937 484 4993 e²milem
506 4939 618 4994 exitum.
636 4940 836 5008 Quantumlibet
856 4945 942 5001 ambi·
1029 4929 1090 4986 ΠΙ·
1112 4930 1160 4986 Ubi
1178 4931 1244 4985 ‘iiim
1258 4937 1449 4997 immensum»
1462 4942 1531 4982 Μ*
1544 4924 1814 4981 ''iiiii“iiffl‘i'·

158 5027 230 5082 tione
245 5026 308 5082 reltt
320 5033 431 5097 quisque
441 5028 574 5093 discerni,
587 5030 717 5101 principio
728 5042 755 5087 et
769 5034 820 5089 line
829 5035 942 5105 eonjutt·
994 5023 1067 5079 cedor
1081 5023 1218 5077 testatoris.

158 5117 237 5188 gitur.
253 5116 318 5173 Nam
329 5118 400 5189 qood
412 5120 492 5186 dixit,
508 5119 550 5176 b'n
568 5136 580 5174 s
599 5122 717 5178 inretire
728 5125 844 5181 ornatibtra
855 5127 890 5181 od
901 5127 940 5180 oi·
1029 5114 1044 5170 1
1052 5115 1083 5171 V·
1103 5113 1169 5169 Fide
1183 5112 1272 5168 obium
1287 5111 1414 5166 Abrabam
1427 5110 1513 5175 lulli·
1528 5125 1587 5164 ‘lim
1603 5116 1750 5164 immiti·

158 5215 452 5282 tom,clporsprrrrrrs
467 5211 501 5263 od
519 5220 624 5266 mortem
644 5211 731 5283 (sap.
747 5229 803 5282 ιιι,
819 5215 864 5287 6),
887 5231 941 5272 non
992 5226 993 5230 ¹
1035 5205 1065 5260 i'.
1085 5203 1289 5276 Lepirartsnnt,
1303 5202 1448 5256 sortierunt.

159 5297 314 5353 meritorum
328 5298 522 5369 equalitatem,
539 5299 587 5356 sed
601 5302 728 5371 equalem
743 5302 835 5359 docuit
849 5305 940 5361 condi·
1384 5312 1407 5367 l,

161 5388 269 5443 tionem.
284 5387 358 5444 Unde
377 5389 400 5445 si
419 5398 543 5459 apparet,
556 5399 584 5446 ut
595 5392 699 5461 opinor,
715 5408 765 5450 nec
781 5393 861 5450 ittiida
875 5394 943 5452 inie-
1147 5403 1203 5475 (Ex
1220 5402 1289 5459 lineo
1301 5402 1335 5458 ds
1348 5399 1446 5457 cluniset
1461 5399 1636 5471 diuinitate.)

161 5481 244 5546 lium,
259 5492 308 5536 nee
321 5479 437 5550 peritura
451 5496 509 5538 esse
523 5484 669 5551 salvorum,
691 5500 750 5557 qum
772 5486 827 5542 sint
850 5495 942 5542 nostra
1030 5497 1115 5555 irritus
1128 5512 1199 5550 „sets
1214 5511 1239 5551 es
1253 5505 1297 5562 tu,
1308 5509 1355 5566 eqo
1367 5493 1443 5548 dedis
1458 5495 1535 5565 qensi
1549 5501 1574 5547 te
1585 5491 1676 5564 (Psoi.
1692 5507 1728 5557 tr,
1740 5489 1816 5559 ila

162 5573 297 5643 lillissiiffl
311 5573 503 5630 diffiniamus·
519 5575 600 5644 50⁰⁰,
616 5585 645 5632 ¹¹¹
658 5590 739 5648 iulii
750 5577 821 5645 ὒῑῐῑι
836 5593 896 5634 ⁶⁰⁰¹
913 5576 940 5635 ¹⁰
994 5586 1390 5651 liudielticaelernitas,etc.,trt
1401 5583 1428 5639 rit
1439 5581 1594 5652 metense
1606 5581 1772 5656 terreres)
1784 5603 1816 5639 a

162 5664 232 5723 bunc
252 5666 378 5725 mundum
393 5669 531 5727 renleotes
542 5668 608 5726 trilril
622 5679 734 5729 tertenae
750 5669 882 5731 laemtatis
894 5669 938 5729 in·
994 5696 1072 5753 eique
1081 5679 1115 5735 od
1124 5690 1222 5737 nomen
1236 5674 1283 5732 lllii
1297 5674 1366 5749 ejus,
1376 5674 1400 5734 si
1412 5671 1497 5733 nosti.
