3816 6120
167 255 203 313 to
840 241 974 300 oetastt
995 242 1096 299 uncte
1116 244 1126 298 t
1444 204 1449 215 ’
1768 242 1801 298 so

167 382 222 438 prae
235 365 350 430 ceteris,
366 379 445 436 quam
469 364 594 434 prienam,
606 375 666 430 quae
688 369 714 415 et
736 371 953 428 unamquamque
969 358 1080 419 Atedis
1102 357 1265 429 episeopus?
1282 356 1364 426 Catius
1387 357 1599 427 metropolitanae
1614 355 1731 412 ciuiuus
1751 374 1801 412 au·

166 458 298 531 synodum
322 473 370 513 sua
393 457 551 510 attctorsstate
577 453 735 516 eoulirmat,
753 456 782 506 et
799 449 954 504 continuata

168 550 354 606 uotlecttiooc
380 548 514 612 custodit;
536 560 583 614 prro
598 560 647 599 stro
671 543 775 598 scillcet
793 540 953 610 principatu,

165 656 246 712 qtreot
265 640 359 697 beatrrs
376 638 513 709 apostolus
536 636 631 692 l‘etros
652 634 756 688 Domini
779 648 845 687 toee
863 644 956 702 perce·

118 728 121 733 ’
167 743 261 802 ptum,
284 732 403 786 Ecclesia
427 728 602 784 nihilomiuus
620 725 814 795 subsequente,
829 732 857 777 et
869 720 956 776 tenuit

165 838 273 894 semper
286 833 313 878 et
327 823 436 878 retinet.

200 914 263 969 tlce
273 913 336 968 dum
348 913 474 967 Acacium
487 911 567 966 certis
580 907 758 979 cotaperisset
768 904 875 961 indiciis
885 918 899 958 a
908 918 956 960 ve·

165 1005 244 1058 ritate
253 1002 387 1069 deviasse,
399 1001 499 1056 diutius
507 1001 557 1056 ista
571 1014 624 1055 nen
635 998 761 1065 credens,
770 1001 870 1067 quippe
878 1009 956 1064 quem

165 1102 278 1152 uouerat
294 1101 479 1149 exsecutorem
502 1105 575 1160 saepe
589 1090 750 1146 necessariae
773 1086 958 1157 dispositionis

165 1201 222 1242 sate
235 1194 328 1241 eontra
342 1182 484 1240 haereticos
498 1182 652 1246 exstitisse,
673 1197 721 1252 per
742 1181 886 1235 triennium
902 1177 957 1232 iere

166 1277 263 1335 litteris
276 1275 417 1333 destinatis
430 1273 555 1330 cumdem
569 1287 679 1328 monere
694 1287 747 1327 aon
762 1271 875 1340 destitit,
889 1268 959 1324 sicot

165 1370 348 1445 perdicerent
363 1367 445 1423 missa
459 1366 625 1421 lamiliariter
634 1364 732 1433 scripta
744 1359 959 1428 testarttur.Qtti-

165 1464 216 1522 ltux
228 1464 273 1520 ille
287 1461 404 1534 primum
415 1470 540 1528 tanquam
555 1455 838 1513 deditosilentiouildl
848 1469 960 1524 respon·

164 1555 230 1612 dere
258 1565 428 1624 proponens,
456 1549 563 1605 tandem
589 1547 734 1617 aliquando
758 1543 847 1600 missis
862 1543 959 1598 litteris

165 1646 316 1718 pumicetur,
328 1657 358 1698 se
375 1641 556 1697 Alexandrino
569 1638 747 1708 Petru,quem
759 1636 878 1706 expetita
892 1650 959 1704 apo·

1009 450 1103 504 tistesi
1112 448 1207 505 Nonne
1219 448 1352 519 parochie
1368 447 1554 503 ileraelecusis
1565 447 1712 503 Eeeiesitci
1724 447 1752 505 Si
1763 449 1802 504 iii

1007 547 1081 594 certe
1094 539 1169 594 licuit
1182 539 1240 596 siue
1252 539 1356 613 syuodo
1375 540 1535 595 senteutiam
1553 539 1710 611 apostolicae
1728 543 1802 600 sedis

1008 631 1180 700 abrtrmpere,
1196 633 1268 688 uuila
1288 634 1346 707 eius
1367 632 1566 688 consultatione
1582 633 1709 703 qttaesita;
1730 634 1803 691 itanc

1008 739 1072 780 veru
1089 740 1142 780 uon
1163 725 1240 781 licuit
1265 727 1358 795 primae
1381 726 1439 780 sedi
1461 724 1689 782 Chalcedonensis
1704 730 1802 799 synodi

1007 815 1162 879 constituta,
1176 815 1354 877 sieotdecoit,
1369 817 1540 885 exsequenti,
1557 816 1711 886 hujusmodi
1728 833 1803 889 prte-

1008 905 1183 962 tarieateretu
1197 920 1246 961 sua
1265 899 1424 964 auctoritate
1443 906 1603 962 detruderet
1619 907 1674 966 Sed
1691 924 1742 966 nee
1756 911 1801 966 illa

1008 997 1188 1068 praeterimus,
1198 996 1268 1069 quod
1280 999 1425 1067 aptastoliea
1438 999 1517 1054 sedes
1530 999 1698 1069 frequenter,
1715 1011 1744 1058 ut
1760 1003 1802 1057 d·-

1008 1096 1081 1144 etum
1101 1099 1153 1155 est,
1182 1105 1257 1145 more
1281 1090 1429 1160 maiorum,
1450 1089 1532 1146 etiam
1549 1091 1608 1148 sine
1629 1092 1684 1147 ulia
1697 1097 1802 1166 synotlo

1009 1181 1189 1250 praecedente,
1205 1182 1364 1238 exsolvendi
1378 1199 1445 1253 qnos
1456 1184 1575 1256 synodus
1590 1185 1679 1255 iniquo
1689 1187 1801 1242 damua-

1010 1280 1095 1334 vcrat,
1109 1280 1138 1327 et
1150 1270 1294 1328 damnandi
1307 1273 1378 1328 nrtlla
1389 1275 1522 1331 existente
1535 1277 1803 1349 synodoquosopor·

1010 1361 1070 1428 tuit,
1086 1361 1210 1418 ttatoertt
1224 1362 1390 1421 laenitatem.
1411 1365 1520 1421 Sanctae
1541 1367 1642 1437 quippe
1664 1371 1803 1425 mentociar

1010 1452 1188 1511 Athanasium
1203 1455 1323 1529 synodos
1338 1457 1482 1512 orientalis
1495 1457 1653 1527 addixerat,
1669 1477 1749 1530 quem
1764 1473 1803 1516 ta·

1011 1558 1071 1601 men
1087 1552 1227 1614 exceptum
1253 1544 1332 1601 sedes
1355 1547 1519 1615 apostoliea,
1548 1551 1609 1616 qu'a
1633 1549 1797 1607 damnationi

1011 1635 1164 1692 Grmeorum
1181 1652 1233 1691 noa
1257 1637 1404 1703 consensit,
1424 1638 1549 1695 absoluit.
1574 1640 1681 1698 Sanctae
1704 1659 1802 1699 utentes·

165 1737 268 1793 stuii=te
290 1736 362 1791 sedis
384 1742 527 1792 exsecutor
543 1732 601 1803 ipse
627 1747 733 1802 quoque
759 1729 956 1793 damnauerat,
973 1727 1058 1790 Briae
1073 1727 1246 1784 attttlomioos
1261 1727 1391 1785 Joaooem
1411 1729 1557 1788 eoosramn
1569 1734 1733 1803 spolitanum
1757 1752 1803 1808 sy·

165 1828 266 1898 altaque
280 1825 435 1896 apostolieae
449 1825 521 1879 sodis
535 1824 629 1878 notitia
643 1820 833 1878 eotttmuoiooe
844 1820 961 1890 permix·
1013 1819 1099 1874 nudus
1114 1819 1196 1875 etiarn
1206 1821 1399 1878 catholicorum
1414 1825 1556 1892 praesulum
1572 1835 1646 1882 certe
1660 1826 1802 1884 dauntraee·

166 1929 232 1974 totta.
255 1918 328 1972 Beati
342 1925 432 1971 aretem
455 1916 528 1970 Petri
551 1915 641 1979 sedes,
667 1917 727 1984 quae
750 1910 960 1968 Alexandrinum
1011 1919 1065 1977 rat,
1079 1926 1158 1982 quem
1174 1911 1254 1968 simili
1270 1913 1351 1969 mode
1371 1915 1450 1969 sedes
1472 1917 1618 1986 apostoliea
1633 1918 1714 1973 etiam
1732 1920 1804 1990 sela,

167 2010 274 2066 Petrum
286 2024 316 2064 su
330 2007 515 2063 uutttmmodo
530 2007 746 2075 damnassemus
759 2003 962 2060 etlautsoitisse
1011 2001 1073 2071 quia
1088 2017 1140 2056 noo
1164 2005 1310 2068 consensit,
1325 2003 1451 2061 absoluit.
1473 2005 1592 2076 itemque
1606 2018 1727 2063 sanetum
1744 2009 1803 2065 Fla-

167 2110 287 2167 truserat,
305 2117 358 2156 non
373 2101 490 2171 receptu
505 2112 586 2171 atque
600 2099 672 2168 ideo,
687 2114 720 2154 ne
733 2113 781 2168 pet·
793 2099 919 2154 deracium
935 2097 961 2151 in
1013 2095 1120 2148 viatrutu
1134 2095 1286 2164 pontillcem
1302 2095 1457 2153 Gtaeeortrtn
1477 2100 1684 2168 congregatione
1696 2102 1804 2157 damna·

167 2193 240 2249 Petri
256 2207 362 2263 quoque
376 2194 542 2247 cottsortiuot
558 2191 711 2254 duceretur,
728 2191 813 2258 ipsoor
829 2201 961 2257 aputupoea
1014 2195 1069 2252 turp
1086 2186 1144 2256 pari
1158 2197 1261 2253 tenure,
1278 2188 1403 2258 quoniam
1423 2189 1480 2243 sola
1502 2190 1580 2246 sedes
1594 2191 1740 2262 apostolico
1752 2210 1806 2249 110„

168 2300 216 2341 sua
243 2284 433 2338 commuuione
457 2280 602 2347 conmorit,
617 2291 645 2335 et
664 2282 754 2335 multis
772 2283 858 2334 modis
875 2291 962 2332 traus-
1012 2277 1161 2344 consensit,
1173 2277 1308 2343 adsultim
1334 2278 1476 2349 potiusque
1493 2279 1548 2336 illle
1567 2284 1805 2353 receptusiuernt,

168 2391 320 2446 gressuum
336 2391 349 2427 a
370 2386 419 2428 sua
434 2372 564 2428 societate
576 2371 640 2427 tectt
657 2372 786 2426 alenam.
801 2369 850 2424 liic
864 2369 961 2424 sieta·
1014 2368 1170 2426 Dioscoron
1182 2371 1308 2427 secuntiae
1322 2371 1397 2427 sedis
1420 2373 1561 2442 presulem
1579 2390 1627 2429 sua
1646 2378 1805 2432 auctoriam

171 2467 283 2522 minatio
296 2467 435 2535 quaeritur,
449 2462 505 2532 jaro
519 2462 622 2532 iudicio
632 2477 686 2515 uon
700 2475 717 2516 ε
732 2469 759 2513 ιι
774 2471 862 2528 opus,
887 2465 961 2527 post·
1014 2459 1162 2528 damnavit,
1176 2473 1202 2517 ει
1217 2463 1325 2533 impium
1339 2466 1470 2536 synodum
1481 2481 1533 2522 non
1544 2468 1738 2525 corrumpendo
1748 2471 1807 2526 5012

170 2575 250 2630 quatu
267 2557 363 2612 litteris
378 2559 435 2610 suis
450 2557 509 2625 ipse
522 2553 663 2609 cuniessos
677 2561 729 2607 est.
748 2551 775 2607 st
797 2549 963 2605 auctoritatis
1014 2552 1160 2616 submouit.
1179 2563 1206 2610 ct
1222 2570 1270 2624 pro
1286 2564 1396 2611 vertute
1417 2567 1446 2611 ut
1468 2560 1587 2629 synodos
1605 2558 1807 2618 Chalcedonep.

170 2650 275 2721 pundus
290 2648 445 2718 inquiritur,
461 2645 689 2702 Chalcedonensis
704 2643 799 2716 synodi
816 2652 909 2699 tenore
931 2640 962 2694 ii·
1013 2645 1051 2701 sis
1065 2646 1150 2709 deret,
1166 2647 1223 2703 sola
1238 2648 1367 2705 decrevit.
1383 2649 1477 2722 inqua
1492 2661 1598 2724 utcrgo
1620 2654 1678 2709 sola
1696 2655 1742 2724 jus
1760 2659 1808 2711 lte-

171 2743 224 2797 lrus
250 2739 415 2795 delinitionis
434 2738 571 2794 exsecutio
590 2736 742 2806 reperitur,
767 2749 821 2804 quo
846 2732 963 2788 datunatl
1015 2737 1240 2795 ituitaltsoleeodi
1256 2756 1382 2811 eosquos
1398 2743 1527 2814 synodica
1551 2744 1658 2800 decre-ta
1687 2748 1807 2815 per-eote.

171 2837 225 2892 iiltc
237 2836 339 2892 erroris
352 2832 567 2888 communicator
580 2829 701 2896 effectos,
728 2827 844 2897 prensa
864 2826 964 2880 uiitilo-
1014 2837 1087 2898 rant,
1103 2828 1141 2885 sie
1154 2831 1233 2886 etiam
1244 2832 1303 2888 sine
1318 2835 1421 2903 synodo
1434 2835 1460 2889 in
1476 2834 1526 2890 ltac
1542 2839 1635 2891 eadent
1649 2851 1730 2892 causo
1750 2841 1807 2910 plu.

172 2915 963 2993 suiuusdatnoationispartieepsexisteret;quouiamidem
1014 2923 1099 2978 rimus
1111 2925 1191 2999 ctiam
1212 2928 1433 2995 metropolitauus
1457 2929 1601 2985 damnasse
1623 2937 1806 3000 cognoscitur.

171 3018 230 3088 ipse
242 3031 330 3082 error,
343 3015 388 3085 qui
398 3014 483 3070 semel
495 3025 535 3068 est
549 3029 610 3069 cum
624 3027 674 3068 sun
685 3024 796 3067 auctore
809 3011 960 3076 datuoatus,
1050 3013 1127 3084 Qttod
1137 3015 1160 3070 si
1175 3017 1235 3086 quis
1249 3017 1305 3073 luce
1319 3018 1352 3073 arb
1366 3020 1514 3088 apostolica
1525 3023 1589 3078 code
1603 3023 1644 3078 201
1659 3023 1807 3080 secundum

172 3113 199 3170 io
215 3111 345 3182 participe
355 3107 475 3179 quolibet
489 3120 579 3178 pratae
591 3106 790 3160 communionis
805 3104 921 3170 eliceto,
936 3109 963 3157 ει
976 3098 1000 3162 C
1016 3107 1147 3177 synodum
1159 3117 1217 3162 acta
1233 3110 1415 3179 reprehendit,
1430 3122 1529 3182 praeter
1539 3114 1610 3185 quod
1620 3115 1706 3185 prisea
1717 3132 1807 3172 peroro

172 3204 386 3260 exsecrationem
401 3200 442 3256 sul
453 3206 577 3270 gestalet
593 3213 711 3269 pteuam.
727 3198 785 3264 Quo
808 3207 902 3251 tenore
917 3193 965 3248 ‘ii-
1016 3200 1175 3271 probatione
1187 3204 1367 3270 corruitrertuc,
1384 3204 1490 3261 iuterim
1514 3207 1598 3262 multo
1613 3209 1697 3278 magis
1711 3211 1808 3264 neseio

173 3295 298 3350 metiscus
311 3295 403 3355 etiam,
420 3301 501 3361 atque
511 3290 568 3359 ipse
583 3288 782 3343 Alexandrinus
798 3287 905 3352 Petrus,
920 3284 965 3355 qui

119 3373 124 3385 ’
173 3387 319 3444 seeuttdam
332 3393 405 3439 certe
419 3381 510 3438 sedem
530 3382 648 3437 tenuisse
668 3379 837 3444 ridebantur,
855 3393 908 3433 oron
923 3392 966 3432 re·

176 3476 257 3549 petita
270 3475 385 3548 sytrudo,
393 3472 440 3528 sed
451 3474 610 3527 auctoritate
622 3471 807 3525 tantutumodo
820 3470 891 3524 sedis
902 3482 968 3536 apu-

1017 3308 1071 3349 non
1087 3294 1194 3350 licuisse
1205 3294 1343 3351 tacebitur.
1359 3296 1434 3351 Dicat
1447 3311 1511 3367 ergo
1524 3312 1576 3369 qua
1585 3298 1643 3368 ipsc
1652 3301 1756 3370 synodo
1766 3317 1809 3357 se·

1017 3384 1111 3439 cuod-c
1122 3385 1193 3440 sedis
1207 3387 1353 3442 arrtistrtcut
1372 3388 1603 3460 qualemcunque,
1628 3401 1701 3445 certe
1714 3392 1809 3448 edito·

1018 3475 1109 3545 ileum,
1123 3486 1150 3532 ει
1171 3478 1338 3533 aeattre3icis
1359 3478 1526 3547 ordinatum,
1551 3495 1600 3536 nec
1620 3480 1654 3535 de
1678 3482 1809 3538 catltolica

175 3568 287 3638 ttulicae,
312 3569 370 3637 ipso
394 3579 501 3637 quoque
523 3566 621 3621 Aeacio
645 3564 799 3634 postulante
822 3565 863 3618 tei
890 3578 967 3617 case·

175 3671 285 3734 quente,
301 3659 448 3730 prolatatur
463 3670 525 3713 esse
540 3657 668 3712 datrutati.
684 3655 812 3725 Quodsi,
824 3667 912 3709 utrum
925 3668 967 3709 cr-

177 3751 232 3809 rori
245 3751 290 3807 tel
302 3749 514 3822 praeterieationi
528 3748 732 3803 communicarit
745 3746 871 3813 Aeacius,
887 3745 967 3801 iorsi-

123 3901 125 3905 ,
177 3853 221 3900 tao
236 3843 340 3898 dicatur
355 3840 509 3912 oportuisse
524 3848 659 3901 constare,
684 3839 803 3894 ltretiter
818 3838 968 3907 praebetous

177 3940 211 3995 ad
228 3939 279 3996 ista
300 3952 477 4008 responsum,
504 3946 548 3990 aot
573 3936 645 3991 enim
666 3935 715 4004 ipsi
731 3934 845 3989 doceant
859 3932 967 3986 Petrum

178 4031 312 4088 tenaciter
325 4028 496 4100 legitimeque
522 4025 838 4097 purgatum,ctaltomai
859 4023 968 4078 lrarcti-

177 4139 271 4179 cocum
285 4122 445 4191 contagione
457 4120 507 4174 cite
522 4119 667 4172 discretum
681 4132 741 4171 cum
752 4117 775 4170 ei
790 4115 969 4171 contortudea·

179 4215 216 4269 dt
230 4214 353 4275 Aeacius,
367 4214 389 4267 si
404 4211 724 4281 ejuseommttuicotoreot
737 4218 830 4277 putant
840 4208 969 4262 Acaciurn

179 4306 347 4376 aliquatenus
359 4303 553 4367 excusandum,
568 4311 614 4356 artu
623 4302 656 4368 si,
672 4301 741 4369 quod
766 4301 850 4370 magis
864 4308 906 4354 est
925 4315 970 4354 te·

179 4410 249 4462 rum,
262 4396 456 4451 couscuiettter
469 4403 550 4463 atque
565 4393 682 4463 legitime
696 4393 802 4447 Petrum
828 4407 882 4446 nou
908 4407 969 4461 pro-

1019 3565 1071 3620 llde
1085 3575 1112 3620 ει
1126 3569 1315 3624 communione
1329 3569 1508 3639 aliquatenus,
1520 3571 1684 3640 itupetitutu,
1703 3574 1810 3630 duxerit

1018 3657 1229 3725 excludeudnro3
1256 3669 1283 3715 et
1309 3661 1462 3716 haereticum
1491 3663 1661 3718 nraniicstum
1682 3664 1808 3733 Petrum,

1018 3763 1066 3802 stta
1080 3763 1186 3819 quoque
1201 3751 1374 3807 exsecutione
1386 3753 1554 3818 datnnatum,
1574 3755 1706 3810 catholieo
1721 3762 1810 3827 ptttttt-

1019 3837 1062 3895 ttci
1078 3840 1231 3909 permiserit
1248 3843 1396 3910 subrogari.
1422 3843 1478 3910 Qua
1503 3844 1606 3916 synode
1629 3847 1715 3901 tertiae
1738 3849 1811 3903 sedis

1019 3930 1173 4002 episcopum
1194 3943 1316 3987 sattctuut
1343 3933 1533 3991 calendionem
1556 3936 1620 3992 iecit
1642 3940 1761 4008 expelii,
1779 3957 1810 3995 ae

1021 4023 1196 4080 uiitilontinus
1206 4025 1292 4080 eidem
1308 4026 1415 4081 Petrotu
1432 4037 1484 4082 tam
1508 4028 1679 4085 manifestum
1703 4030 1811 4086 hereti-

1020 4132 1081 4172 etttn
1097 4128 1125 4172 ut
1139 4117 1227 4174 eidem
1242 4119 1329 4188 palam
1341 4133 1390 4174 nec
1403 4134 1432 4173 se
1447 4121 1648 4176 commonicare
1662 4123 1811 4191 praetende·

1021 4215 1073 4274 ret,
1088 4222 1136 4262 sua
1150 4222 1245 4278 passus
1258 4217 1299 4263 est
1312 4209 1493 4279 dispositione
1506 4209 1641 4265 substitui.
1658 4215 1713 4278 Qua
1736 4212 1811 4268 detri-

1020 4318 1072 4375 quc
1085 4317 1133 4372 per
1147 4312 1231 4359 totum
1242 4305 1378 4359 Orientem
1394 4303 1511 4374 synodo,
1526 4303 1619 4375 ejectis
1633 4306 1811 4371 urtltodoxis,

1021 4393 1095 4448 nullo
1109 4394 1221 4449 crimine
1235 4392 1385 4461 maculatis,
1403 4409 1498 4463 pratos
1512 4410 1632 4466 quosque
1654 4407 1681 4450 et
1694 4397 1812 4451 erituini·

180 4487 301 4542 urserint
314 4486 465 4555 expiatum,
482 4493 564 4538 restat
578 4493 605 4536 ut
627 4485 685 4552 ejus
700 4483 726 4537 in
747 4484 897 4551 expiatione
919 4461 1009 4536 loe-D
1023 4486 1072 4542 ltus
1087 4487 1220 4540 involutos
1233 4502 1280 4540 sua
1292 4488 1444 4555 provisione
1456 4487 1594 4557 supposuit
1605 4488 1617 4542 l
1627 4487 1683 4555 Qua
1707 4491 1812 4559 syuodo

180 4579 226 4648 rit,
240 4581 325 4648 etqui
340 4579 365 4634 ei
381 4575 601 4642 communicarit,
618 4576 743 4632 ittiectes.

1024 4579 1161 4633 totalieua
1175 4577 1314 4647 privilegia
1337 4578 1468 4632 treiaodus
1484 4578 1596 4649 popolus
1616 4580 1734 4634 inuasit?
1760 4581 1812 4636 set

217 4668 272 4725 dec
286 4669 365 4740 piane
379 4677 498 4723 tacemus
511 4668 581 4737 qood
597 4679 691 4735 ptttrcta
704 4683 751 4736 per
761 4669 887 4723 tutandum
897 4670 973 4723 trotit
1023 4667 1083 4724 libri
1097 4685 1149 4722 non
1161 4668 1295 4723 solllcicot
1309 4668 1331 4722 si
1344 4670 1486 4738 tragedias
1500 4670 1558 4741 ejus
1568 4685 1635 4740 quas
1656 4686 1703 4741 per
1718 4670 1799 4727 Eeelc

180 4759 313 4829 Ecclesia,
328 4761 453 4832 quoniam
470 4760 649 4829 qttorumldtet
664 4760 891 4831 sertuotitsltgata
903 4775 971 4831 pon·

180 4849 281 4908 tidcunt
291 4851 453 4908 sedesbeati
477 4849 549 4906 Petri
565 4850 678 4920 apostoli
701 4852 745 4920 jos
768 4850 867 4907 habeat
885 4852 971 4907 resol-

180 4944 259 5003 tendi
274 4952 325 5000 :ut
337 4951 399 5014 pote
413 4959 474 5014 que
485 4942 519 4999 de
537 4941 611 4998 omni
625 4942 745 4999 Ecclesia
759 4943 798 4998 las
813 4943 908 4999 lrabeat
927 4944 970 5014 ju·

180 5037 304 5103 dicandi,
332 5050 419 5107 neque
439 5037 564 5106 cuiquam
591 5036 670 5091 liceat
698 5035 733 5090 de
760 5037 818 5107 ejtts
846 5037 971 5107 judicare

180 5127 289 5202 iudicio.
303 5126 442 5198 Siquidem
453 5126 486 5180 ad
501 5125 575 5180 illam
593 5127 627 5182 de
646 5125 764 5197 qualibet
783 5129 874 5183 mundi
895 5137 970 5197 parte

180 5206 301 5275 mounes
315 5215 444 5286 appellari
460 5216 604 5282 voltterint,
619 5216 653 5271 ab
666 5217 710 5271 illa
731 5227 820 5272 autem
837 5233 916 5275 tremo
935 5221 970 5275 sit

181 5307 318 5381 appellare
333 5309 490 5377 permissus.
507 5306 675 5378 Quapropter
688 5314 793 5362 constat
813 5311 879 5363 satis
902 5316 971 5365 dca-

180 5401 253 5458 ciuttt
267 5399 368 5456 nullum
388 5399 513 5454 habuisse
538 5398 702 5467 pontilleiutn
720 5399 881 5454 seutentiam
899 5400 972 5455 sedis

181 5492 337 5566 apostolieae
351 5491 410 5545 titre
424 5489 475 5543 olla
490 5489 549 5557 ejus
560 5490 669 5544 cretione
680 5489 812 5545 seltetrdi.
824 5489 882 5557 Qua
893 5503 969 5548 certe

181 5582 284 5657 synodo
298 5584 348 5638 ltoe
367 5581 413 5638 illa
428 5583 620 5651 praesumpsit,
640 5580 712 5648 qnod
735 5595 784 5636 nee
806 5582 846 5637 sie
864 5582 967 5652 absque

183 5675 325 5747 apostolica
340 5676 406 5733 sede
426 5675 466 5730 las
484 5673 591 5745 quidem
612 5673 723 5731 ltaitcret
742 5676 871 5734 eidecrei
885 5676 966 5747 Cujus

1022 4763 1076 4817 sias
1089 4760 1300 4816 totios0tientis
1324 4763 1460 4829 exercuit,
1482 4764 1636 4833 singillatim
1659 4764 1814 4835 describere

1023 4856 1177 4911 moliantur.
1193 4859 1234 4910 du
1249 4856 1314 4910 diod
1330 4858 1413 4926 ipsios
1432 4865 1617 4928 argumentum
1642 4857 1720 4911 nothis
1742 4868 1815 4910 aest·-

1025 4960 1098 5004 tnaot
1111 4951 1311 5019 opponendum,
1327 4966 1380 5021 quo
1395 4950 1512 5007 facinora
1535 4965 1582 5004 sua
1599 4951 1627 5005 in
1646 4949 1813 5018 itoperialcnt

1024 5043 1098 5098 risus
1109 5051 1151 5097 est
1163 5042 1267 5110 jactare
1280 5042 1444 5111 personam?
1458 5039 1512 5097 Cur
1526 5041 1624 5112 igitur,
1644 5041 1751 5111 quaudo
1768 5056 1816 5094 vo·
1859 5065 1872 5072 -

1024 5133 1073 5190 luit
1086 5133 1189 5189 obstitit
1204 5133 1332 5188 Basilisco
1347 5143 1476 5206 tyranno,
1491 5142 1565 5189 certe
1579 5139 1607 5187 et
1626 5131 1754 5186 lttcrcteeu
1770 5147 1816 5184 vu·

1024 5224 1164 5282 itemeuter
1179 5225 1298 5281 iniestoi
1309 5223 1364 5280 Cur
1379 5226 1427 5295 ipsi
1443 5226 1597 5298 imperaturi
1609 5221 1731 5290 zettont,
1753 5223 1815 5293 quia

1025 5319 1112 5389 palato
1127 5318 1295 5375 dntiocheuo
1309 5317 1390 5374 Petro
1403 5319 1489 5374 uoluit
1501 5318 1721 5382 commonicare,
1738 5331 1815 5372 soatu

1025 5424 1077 5463 ooo
1091 5408 1212 5464 subdidit
1224 5410 1404 5465 voluntatem?
1425 5410 1494 5465 Eece
1510 5407 1596 5478 potuit
1612 5408 1639 5464 itt
1654 5406 1716 5463 aliis
1730 5408 1817 5464 resol-

1024 5507 1081 5554 tare
1105 5499 1127 5553 si
1143 5501 1235 5555 vellet.
1259 5506 1298 5555 dn
1324 5515 1377 5555 non
1394 5501 1538 5570 apostolus
1553 5499 1618 5556 dicit
1634 5516 1641 5553 :
1659 5498 1719 5553 tlon
1730 5500 1816 5554 seium

1021 5587 1065 5657 qui
1077 5588 1187 5658 [acilini.
1199 5591 1243 5644 ted
1253 5591 1329 5644 etium
1338 5589 1382 5660 qui
1396 5591 1556 5647 conseminat
1566 5590 1730 5661 pudoratus,
1742 5601 1815 5644 reatu

1021 5679 1118 5750 puriter
1132 5691 1190 5734 sunt
1201 5680 1311 5735 irretiti?
1329 5681 1382 5737 Sed
1397 5692 1425 5739 ut
1438 5698 1469 5739 ea
1488 5698 1550 5752 quae
1565 5683 1645 5739 iatius
1659 5683 1816 5752 explicanda
