<?xml version="1.0" encoding="UTF-8"?>
<!DOCTYPE html PUBLIC "-//W3C//DTD XHTML 1.0 Transitional//EN"
    "http://www.w3.org/TR/xhtml1/DTD/xhtml1-transitional.dtd">
<html xmlns="http://www.w3.org/1999/xhtml" xml:lang="en" lang="en">
 <head>
  <title>
</title>
<meta http-equiv="Content-Type" content="text/html;charset=utf-8" />
  <meta name='ocr-system' content='tesseract 3.04.00' />
  <meta name='ocr-capabilities' content='ocr_page ocr_carea ocr_par ocr_line ocrx_word'/>
</head>
<body>
  <div class='ocr_page' id='page_1' title='image "./patrologiaecurs52unkngoog/patrologiaecurs52unkngoog_0099.png"; bbox 0 0 3816 6120; ppageno 0'>
   <div class='ocr_carea' id='block_1_1' title="bbox 133 215 1766 349">
    <p class='ocr_par' dir='ltr' id='par_1_1' title="bbox 133 215 1766 349">
     <span class='ocr_line' id='line_1_1' title="bbox 133 215 1766 349; baseline -0.006 -21"><span class='ocrx_word' id='word_1_1' title='bbox 133 271 184 331; x_wconf 78' lang='lat' dir='ltr'>tos</span> <span class='ocrx_word' id='word_1_2' title='bbox 595 268 640 328; x_wconf 84' lang='lat' dir='ltr'>so</span> <span class='ocrx_word' id='word_1_3' title='bbox 659 268 773 349; x_wconf 81' lang='lat' dir='ltr'>oreon</span> <span class='ocrx_word' id='word_1_4' title='bbox 793 215 929 324; x_wconf 40' lang='lat' dir='ltr'>csn&#39;ssu</span> <span class='ocrx_word' id='word_1_5' title='bbox 950 259 1052 317; x_wconf 75' lang='lat' dir='ltr'>iure</span> <span class='ocrx_word' id='word_1_6' title='bbox 1072 259 1296 319; x_wconf 77' lang='lat' dir='ltr'>orreorum.</span> <span class='ocrx_word' id='word_1_7' title='bbox 1711 262 1766 321; x_wconf 83' lang='lat' dir='ltr'>res</span> 
     </span>
    </p>
   </div>
   <div class='ocr_carea' id='block_1_2' title="bbox 82 370 1765 531">
    <p class='ocr_par' dir='ltr' id='par_1_2' title="bbox 82 370 1765 531">
     <span class='ocr_line' id='line_1_2' title="bbox 82 370 1764 462; baseline -0.011 -18"><span class='ocrx_word' id='word_1_8' title='bbox 82 374 90 383; x_wconf 66' lang='grc'><strong><em>’</em></strong></span> <span class='ocrx_word' id='word_1_9' title='bbox 131 389 228 445; x_wconf 78' lang='lat' dir='ltr'>Tertio</span> <span class='ocrx_word' id='word_1_10' title='bbox 240 390 308 462; x_wconf 69' lang='lat' dir='ltr'>ilatio</span> <span class='ocrx_word' id='word_1_11' title='bbox 322 390 356 448; x_wconf 87' lang='lat' dir='ltr'>tl.</span> <span class='ocrx_word' id='word_1_12' title='bbox 370 388 401 446; x_wconf 85' lang='lat' dir='ltr'>C.</span> <span class='ocrx_word' id='word_1_13' title='bbox 417 389 519 444; x_wconf 82' lang='lat' dir='ltr'>consule</span> <span class='ocrx_word' id='word_1_14' title='bbox 532 384 664 444; x_wconf 83' lang='lat' dir='ltr'>brdluorie</span> <span class='ocrx_word' id='word_1_15' title='bbox 678 395 753 457; x_wconf 73' lang='lat' dir='ltr'>etipse</span> <span class='ocrx_word' id='word_1_16' title='bbox 764 383 909 462; x_wconf 59' lang='lat' dir='ltr'>perricio.)</span> <span class='ocrx_word' id='word_1_17' title='bbox 931 377 1023 437; x_wconf 74' lang='lat' dir='ltr'>luein</span> <span class='ocrx_word' id='word_1_18' title='bbox 1037 390 1069 432; x_wconf 80' lang='lat' dir='ltr'>ete</span> <span class='ocrx_word' id='word_1_19' title='bbox 1086 376 1199 458; x_wconf 72' lang='lat' dir='ltr'>madetis</span> <span class='ocrx_word' id='word_1_20' title='bbox 1209 392 1270 431; x_wconf 75' lang='lat' dir='ltr'>mse</span> <span class='ocrx_word' id='word_1_21' title='bbox 1285 374 1373 444; x_wconf 74' lang='lat' dir='ltr'>lipari,</span> <span class='ocrx_word' id='word_1_22' title='bbox 1385 377 1442 430; x_wconf 87' lang='lat' dir='ltr'>losa</span> <span class='ocrx_word' id='word_1_23' title='bbox 1453 370 1599 431; x_wconf 80' lang='lat' dir='ltr'>exconsule</span> <span class='ocrx_word' id='word_1_24' title='bbox 1611 370 1764 457; x_wconf 67' lang='lat' dir='ltr'>ordinario,</span> 
     </span>
     <span class='ocr_line' id='line_1_3' title="bbox 132 441 1765 531; baseline -0.009 -17"><span class='ocrx_word' id='word_1_25' title='bbox 132 461 314 529; x_wconf 81' lang='lat' dir='ltr'>esseriplmem</span> <span class='ocrx_word' id='word_1_26' title='bbox 327 477 374 531; x_wconf 88' lang='lat' dir='ltr'>per</span> <span class='ocrx_word' id='word_1_27' title='bbox 389 474 499 514; x_wconf 73' lang='lat' dir='ltr'>errorem</span> <span class='ocrx_word' id='word_1_28' title='bbox 519 459 632 524; x_wconf 83' lang='lat' dir='ltr'>posuisse</span> <span class='ocrx_word' id='word_1_29' title='bbox 650 454 760 511; x_wconf 83' lang='lat' dir='ltr'>mnsute</span> <span class='ocrx_word' id='word_1_30' title='bbox 780 452 934 513; x_wconf 71' lang='lat' dir='ltr'>ordinario:</span> <span class='ocrx_word' id='word_1_31' title='bbox 957 461 1063 516; x_wconf 75' lang='lat' dir='ltr'>camene</span> <span class='ocrx_word' id='word_1_32' title='bbox 1082 445 1195 500; x_wconf 82' lang='lat' dir='ltr'>detersus</span> <span class='ocrx_word' id='word_1_33' title='bbox 1211 453 1271 499; x_wconf 83' lang='lat' dir='ltr'>onte</span> <span class='ocrx_word' id='word_1_34' title='bbox 1288 460 1384 499; x_wconf 84' lang='lat' dir='ltr'>ennam</span> <span class='ocrx_word' id='word_1_35' title='bbox 1400 451 1546 514; x_wconf 72' lang='lat' dir='ltr'>uouentem</span> <span class='ocrx_word' id='word_1_36' title='bbox 1560 441 1693 498; x_wconf 80' lang='lat' dir='ltr'>exconsul</span> <span class='ocrx_word' id='word_1_37' title='bbox 1712 445 1765 500; x_wconf 83' lang='lat' dir='ltr'>daci</span> 
     </span>
    </p>
   </div>
   <div class='ocr_carea' id='block_1_3' title="bbox 133 511 1766 735">
    <p class='ocr_par' dir='ltr' id='par_1_3' title="bbox 133 511 1766 735">
     <span class='ocr_line' id='line_1_4' title="bbox 133 511 1766 603; baseline -0.012 -20"><span class='ocrx_word' id='word_1_38' title='bbox 133 545 185 584; x_wconf 84' lang='lat' dir='ltr'>nors</span> <span class='ocrx_word' id='word_1_39' title='bbox 198 532 317 598; x_wconf 84' lang='lat' dir='ltr'>potuerit,</span> <span class='ocrx_word' id='word_1_40' title='bbox 333 541 391 585; x_wconf 81' lang='lat' dir='ltr'>note</span> <span class='ocrx_word' id='word_1_41' title='bbox 403 543 568 585; x_wconf 73' lang='lat' dir='ltr'>ecmannum</span> <span class='ocrx_word' id='word_1_42' title='bbox 580 526 681 583; x_wconf 86' lang='lat' dir='ltr'>Seduiii</span> <span class='ocrx_word' id='word_1_43' title='bbox 694 525 808 578; x_wconf 81' lang='lat' dir='ltr'>cerasino</span> <span class='ocrx_word' id='word_1_44' title='bbox 824 537 868 603; x_wconf 72' lang='lat' dir='ltr'>nec</span> <span class='ocrx_word' id='word_1_45' title='bbox 882 517 995 588; x_wconf 83' lang='lat' dir='ltr'>eollepit,</span> <span class='ocrx_word' id='word_1_46' title='bbox 1007 531 1053 598; x_wconf 71' lang='lat' dir='ltr'>nec</span> <span class='ocrx_word' id='word_1_47' title='bbox 1066 514 1202 597; x_wconf 72' lang='lat' dir='ltr'>reciperit,</span> <span class='ocrx_word' id='word_1_48' title='bbox 1218 515 1344 585; x_wconf 77' lang='lat' dir='ltr'>ideoque,</span> <span class='ocrx_word' id='word_1_49' title='bbox 1359 529 1405 569; x_wconf 88' lang='lat' dir='ltr'>nec</span> <span class='ocrx_word' id='word_1_50' title='bbox 1416 523 1493 596; x_wconf 71' lang='lat' dir='ltr'>anteo</span> <span class='ocrx_word' id='word_1_51' title='bbox 1505 512 1621 596; x_wconf 62' lang='lat' dir='ltr'>Wm</span> <span class='ocrx_word' id='word_1_52' title='bbox 1634 511 1766 596; x_wconf 67' lang='lat' dir='ltr'>donare,</span> 
     </span>
     <span class='ocr_line' id='line_1_5' title="bbox 133 579 1765 683; baseline -0.01 -30"><span class='ocrx_word' id='word_1_53' title='bbox 133 600 162 653; x_wconf 87' lang='lat' dir='ltr'>its</span> <span class='ocrx_word' id='word_1_54' title='bbox 172 601 246 654; x_wconf 84' lang='lat' dir='ltr'>cst&#39;ns</span> <span class='ocrx_word' id='word_1_55' title='bbox 261 601 361 683; x_wconf 80' lang='lat' dir='ltr'>decreto</span> <span class='ocrx_word' id='word_1_56' title='bbox 376 601 408 683; x_wconf 73' lang='lat' dir='ltr'>de</span> <span class='ocrx_word' id='word_1_57' title='bbox 420 596 527 680; x_wconf 77' lang='lat' dir='ltr'>Sedulto</span> <span class='ocrx_word' id='word_1_58' title='bbox 538 599 649 680; x_wconf 27' lang='lat' dir='ltr'>neuntio,</span> <span class='ocrx_word' id='word_1_59' title='bbox 662 596 786 650; x_wconf 84' lang='lat' dir='ltr'>eelelruto</span> <span class='ocrx_word' id='word_1_60' title='bbox 798 596 856 672; x_wconf 75' lang='lat' dir='ltr'>sert,</span> <span class='ocrx_word' id='word_1_61' title='bbox 871 598 899 643; x_wconf 83' lang='lat' dir='ltr'>ut</span> <span class='ocrx_word' id='word_1_62' title='bbox 913 596 981 643; x_wconf 86' lang='lat' dir='ltr'>recte</span> <span class='ocrx_word' id='word_1_63' title='bbox 990 585 1073 644; x_wconf 72' lang='lat' dir='ltr'>erdem</span> <span class='ocrx_word' id='word_1_64' title='bbox 1088 583 1160 639; x_wconf 78' lang='lat' dir='ltr'>lissei</span> <span class='ocrx_word' id='word_1_65' title='bbox 1166 601 1207 639; x_wconf 89' lang='lat' dir='ltr'>tus</span> <span class='ocrx_word' id='word_1_66' title='bbox 1226 585 1283 667; x_wconf 79' lang='lat' dir='ltr'>iti.¹</span> <span class='ocrx_word' id='word_1_67' title='bbox 1292 600 1319 667; x_wconf 89' lang='lat'>&#39;.&#39;¹</span> <span class='ocrx_word' id='word_1_68' title='bbox 1334 586 1365 638; x_wconf 85' lang='lat' dir='ltr'>dr</span> <span class='ocrx_word' id='word_1_69' title='bbox 1380 581 1538 664; x_wconf 72' lang='lat' dir='ltr'>Prtotordtts</span> <span class='ocrx_word' id='word_1_70' title='bbox 1548 580 1647 636; x_wconf 75' lang='lat' dir='ltr'>eccles.</span> <span class='ocrx_word' id='word_1_71' title='bbox 1657 579 1765 642; x_wconf 69' lang='grc' dir='ltr'>Βιιισιι.</span> 
     </span>
     <span class='ocr_line' id='line_1_6' title="bbox 133 618 1766 735; baseline -0.01 -13"><span class='ocrx_word' id='word_1_72' title='bbox 133 684 157 722; x_wconf 87' lang='lat' dir='ltr'>c.</span> <span class='ocrx_word' id='word_1_73' title='bbox 174 618 218 724; x_wconf 68' lang='lat' dir='ltr'>td.</span> <span class='ocrx_word' id='word_1_74' title='bbox 235 668 387 724; x_wconf 85' lang='lat' dir='ltr'>Peersonnus</span> <span class='ocrx_word' id='word_1_75' title='bbox 399 686 426 723; x_wconf 86' lang='grc' dir='ltr'>ιιι</span> <span class='ocrx_word' id='word_1_76' title='bbox 445 668 566 722; x_wconf 85' lang='lat' dir='ltr'>l&#39;tntltens</span> <span class='ocrx_word' id='word_1_77' title='bbox 576 666 739 735; x_wconf 70' lang='lat' dir='ltr'>epulaturum</span> <span class='ocrx_word' id='word_1_78' title='bbox 752 671 834 717; x_wconf 81' lang='lat' dir='ltr'>meets</span> <span class='ocrx_word' id='word_1_79' title='bbox 851 659 937 732; x_wconf 79' lang='lat' dir='ltr'>lpnot.</span> <span class='ocrx_word' id='word_1_80' title='bbox 954 673 1015 728; x_wconf 79' lang='lat' dir='ltr'>pop.</span> <span class='ocrx_word' id='word_1_81' title='bbox 1028 653 1074 713; x_wconf 80' lang='lat' dir='ltr'>ld.</span> <span class='ocrx_word' id='word_1_82' title='bbox 1088 662 1112 709; x_wconf 83' lang='lat' dir='ltr'>rt</span> <span class='ocrx_word' id='word_1_83' title='bbox 1127 655 1200 713; x_wconf 85' lang='lat' dir='ltr'>card.</span> <span class='ocrx_word' id='word_1_84' title='bbox 1218 653 1337 711; x_wconf 81' lang='lat' dir='ltr'>Narratur</span> <span class='ocrx_word' id='word_1_85' title='bbox 1349 653 1479 717; x_wconf 74' lang='lat' dir='ltr'>amatu,</span> <span class='ocrx_word' id='word_1_86' title='bbox 1492 669 1536 723; x_wconf 82' lang='lat' dir='ltr'>tyras</span> <span class='ocrx_word' id='word_1_87' title='bbox 1549 652 1627 723; x_wconf 85' lang='lat' dir='ltr'>plara</span> <span class='ocrx_word' id='word_1_88' title='bbox 1639 650 1716 707; x_wconf 67' lang='lat' dir='ltr'>liade</span> <span class='ocrx_word' id='word_1_89' title='bbox 1731 654 1766 709; x_wconf 76' lang='lat' dir='ltr'>ea</span> 
     </span>
    </p>
   </div>
   <div class='ocr_carea' id='block_1_4' title="bbox 133 721 1765 878">
    <p class='ocr_par' dir='ltr' id='par_1_4' title="bbox 133 721 1765 878">
     <span class='ocr_line' id='line_1_7' title="bbox 134 721 1764 813; baseline -0.011 -20"><span class='ocrx_word' id='word_1_90' title='bbox 134 737 241 793; x_wconf 85' lang='lat' dir='ltr'>Sedslio</span> <span class='ocrx_word' id='word_1_91' title='bbox 250 748 274 794; x_wconf 84' lang='lat' dir='ltr'>et</span> <span class='ocrx_word' id='word_1_92' title='bbox 284 743 340 813; x_wconf 78' lang='lat' dir='ltr'>ejus</span> <span class='ocrx_word' id='word_1_93' title='bbox 353 755 436 808; x_wconf 87' lang='lat' dir='ltr'>opere.</span> <span class='ocrx_word' id='word_1_94' title='bbox 453 735 517 792; x_wconf 80' lang='lat' dir='ltr'>Cum</span> <span class='ocrx_word' id='word_1_95' title='bbox 527 752 586 790; x_wconf 82' lang='lat' dir='ltr'>tero</span> <span class='ocrx_word' id='word_1_96' title='bbox 598 750 682 790; x_wconf 82' lang='lat' dir='ltr'>mense</span> <span class='ocrx_word' id='word_1_97' title='bbox 693 733 790 790; x_wconf 86' lang='lat' dir='ltr'>llortio</span> <span class='ocrx_word' id='word_1_98' title='bbox 801 732 853 790; x_wconf 86' lang='lat' dir='ltr'>elio</span> <span class='ocrx_word' id='word_1_99' title='bbox 865 727 982 801; x_wconf 78' lang='lat' dir='ltr'>synodus</span> <span class='ocrx_word' id='word_1_100' title='bbox 993 726 1112 779; x_wconf 86' lang='lat' dir='ltr'>llomana</span> <span class='ocrx_word' id='word_1_101' title='bbox 1131 723 1218 807; x_wconf 72' lang='lat' dir='ltr'>inolito</span> <span class='ocrx_word' id='word_1_102' title='bbox 1229 726 1274 787; x_wconf 86' lang='lat' dir='ltr'>sit,</span> <span class='ocrx_word' id='word_1_103' title='bbox 1284 740 1314 778; x_wconf 89' lang='lat' dir='ltr'>eo</span> <span class='ocrx_word' id='word_1_104' title='bbox 1328 724 1360 779; x_wconf 84' lang='lat' dir='ltr'>de</span> <span class='ocrx_word' id='word_1_105' title='bbox 1372 739 1425 806; x_wconf 74' lang='lat' dir='ltr'>uuo</span> <span class='ocrx_word' id='word_1_106' title='bbox 1438 723 1534 794; x_wconf 75' lang='lat' dir='ltr'>opiter,</span> <span class='ocrx_word' id='word_1_107' title='bbox 1549 721 1657 788; x_wconf 78' lang='lat' dir='ltr'>partim</span> <span class='ocrx_word' id='word_1_108' title='bbox 1668 723 1706 775; x_wconf 80' lang='lat' dir='ltr'>ad</span> <span class='ocrx_word' id='word_1_109' title='bbox 1717 738 1764 778; x_wconf 81' lang='lat' dir='ltr'>aa.</span> 
     </span>
     <span class='ocr_line' id='line_1_8' title="bbox 133 791 1765 878; baseline -0.011 -14"><span class='ocrx_word' id='word_1_110' title='bbox 133 808 196 872; x_wconf 76' lang='lat' dir='ltr'>tae.</span> <span class='ocrx_word' id='word_1_111' title='bbox 208 811 305 878; x_wconf 74' lang='lat' dir='ltr'>luitose</span> <span class='ocrx_word' id='word_1_112' title='bbox 319 823 336 863; x_wconf 90' lang='lat' dir='ltr'>tt</span> <span class='ocrx_word' id='word_1_113' title='bbox 354 807 536 874; x_wconf 66' lang='lat' dir='ltr'>Romanusne</span> <span class='ocrx_word' id='word_1_114' title='bbox 547 805 659 874; x_wconf 78' lang='lat' dir='ltr'>Gelasio,</span> <span class='ocrx_word' id='word_1_115' title='bbox 671 821 721 859; x_wconf 89' lang='lat' dir='ltr'>nott</span> <span class='ocrx_word' id='word_1_116' title='bbox 736 819 757 873; x_wconf 86' lang='lat' dir='ltr'>s,</span> <span class='ocrx_word' id='word_1_117' title='bbox 772 811 799 857; x_wconf 85' lang='lat' dir='ltr'>ut</span> <span class='ocrx_word' id='word_1_118' title='bbox 812 813 945 872; x_wconf 81' lang='lat' dir='ltr'>perpetuos</span> <span class='ocrx_word' id='word_1_119' title='bbox 959 795 1080 851; x_wconf 86' lang='lat' dir='ltr'>llorteutts</span> <span class='ocrx_word' id='word_1_120' title='bbox 1094 809 1111 847; x_wconf 87' lang='lat' dir='ltr'>tt</span> <span class='ocrx_word' id='word_1_121' title='bbox 1123 796 1288 848; x_wconf 67' lang='lat' dir='ltr'>concuborum</span> <span class='ocrx_word' id='word_1_122' title='bbox 1298 793 1472 849; x_wconf 76' lang='lat' dir='ltr'>collectoribus</span> <span class='ocrx_word' id='word_1_123' title='bbox 1481 791 1623 864; x_wconf 83' lang='lat' dir='ltr'>appellata,</span> <span class='ocrx_word' id='word_1_124' title='bbox 1634 800 1659 846; x_wconf 87' lang='lat' dir='ltr'>rt</span> <span class='ocrx_word' id='word_1_125' title='bbox 1671 791 1765 847; x_wconf 70' lang='lat' dir='ltr'>karam</span> 
     </span>
    </p>
   </div>
   <div class='ocr_carea' id='block_1_5' title="bbox 134 879 1196 1017">
    <p class='ocr_par' dir='ltr' id='par_1_5' title="bbox 134 879 1196 1017">
     <span class='ocr_line' id='line_1_9' title="bbox 134 879 376 950; baseline 0.012 -18"><span class='ocrx_word' id='word_1_126' title='bbox 134 879 249 950; x_wconf 72' lang='lat' dir='ltr'>exemplo</span> <span class='ocrx_word' id='word_1_127' title='bbox 261 881 293 935; x_wconf 82' lang='lat' dir='ltr'>tsi</span> <span class='ocrx_word' id='word_1_128' title='bbox 305 880 376 935; x_wconf 86' lang='lat' dir='ltr'>eliis.</span> 
     </span>
     <span class='ocr_line' id='line_1_10' title="bbox 694 949 1196 1017; baseline -0.022 2"><span class='ocrx_word' id='word_1_129' title='bbox 694 972 708 1002; x_wconf 84' lang='lat'><strong>¹</strong></span> <span class='ocrx_word' id='word_1_130' title='bbox 724 954 929 1017; x_wconf 78' lang='lat' dir='ltr'>¹cottcuttitt</span> <span class='ocrx_word' id='word_1_131' title='bbox 946 949 1114 1008; x_wconf 75' lang='lat' dir='ltr'>Rouao&#39;tiil</span> <span class='ocrx_word' id='word_1_132' title='bbox 1137 950 1157 1005; x_wconf 95' lang='grc' dir='ltr'>ιΙ</span> <span class='ocrx_word' id='word_1_133' title='bbox 1174 952 1196 1008; x_wconf 85' lang='lat'>¹.</span> 
     </span>
    </p>
   </div>
   <div class='ocr_carea' id='block_1_6' title="bbox 134 1040 1809 4018">
    <p class='ocr_par' dir='ltr' id='par_1_6' title="bbox 365 1040 1522 1126">
     <span class='ocr_line' id='line_1_11' title="bbox 365 1040 1522 1126; baseline -0.01 -18"><span class='ocrx_word' id='word_1_134' title='bbox 365 1057 422 1125; x_wconf 76' lang='lat' dir='ltr'>sto</span> <span class='ocrx_word' id='word_1_135' title='bbox 435 1072 452 1110; x_wconf 86' lang='lat' dir='ltr'>e</span> <span class='ocrx_word' id='word_1_136' title='bbox 466 1054 566 1112; x_wconf 81' lang='lat' dir='ltr'>Gelasio</span> <span class='ocrx_word' id='word_1_137' title='bbox 580 1063 604 1110; x_wconf 87' lang='lat' dir='ltr'>et</span> <span class='ocrx_word' id='word_1_138' title='bbox 617 1052 741 1126; x_wconf 79' lang='lat' dir='ltr'>episeopis</span> <span class='ocrx_word' id='word_1_139' title='bbox 751 1052 786 1107; x_wconf 83' lang='lat'>55</span> <span class='ocrx_word' id='word_1_140' title='bbox 798 1047 911 1103; x_wconf 71' lang='lat' dir='ltr'>rrimus</span> <span class='ocrx_word' id='word_1_141' title='bbox 920 1041 1132 1098; x_wconf 75' lang='lat' dir='ltr'>msotntturtsom</span> <span class='ocrx_word' id='word_1_142' title='bbox 1144 1040 1248 1095; x_wconf 80' lang='lat' dir='ltr'>Domini</span> <span class='ocrx_word' id='word_1_143' title='bbox 1255 1041 1308 1098; x_wconf 74' lang='lat' dir='ltr'>tia</span> <span class='ocrx_word' id='word_1_144' title='bbox 1322 1056 1351 1097; x_wconf 90' lang='grc' dir='ltr'>ιιι</span> <span class='ocrx_word' id='word_1_145' title='bbox 1364 1042 1423 1095; x_wconf 87' lang='lat' dir='ltr'>idss</span> <span class='ocrx_word' id='word_1_146' title='bbox 1447 1040 1522 1097; x_wconf 82' lang='lat' dir='ltr'>licii.</span> 
     </span>
    </p>

    <p class='ocr_par' dir='ltr' id='par_1_7' title="bbox 134 1128 1809 4018">
     <span class='ocr_line' id='line_1_12' title="bbox 170 1128 1763 1220; baseline -0.008 -17"><span class='ocrx_word' id='word_1_147' title='bbox 170 1146 315 1206; x_wconf 89' lang='lat' dir='ltr'>llesidente</span> <span class='ocrx_word' id='word_1_148' title='bbox 330 1148 357 1204; x_wconf 90' lang='lat' dir='ltr'>in</span> <span class='ocrx_word' id='word_1_149' title='bbox 377 1147 482 1220; x_wconf 82' lang='lat' dir='ltr'>synodo</span> <span class='ocrx_word' id='word_1_150' title='bbox 496 1144 642 1204; x_wconf 77' lang='lat' dir='ltr'>venerabili</span> <span class='ocrx_word' id='word_1_151' title='bbox 653 1144 712 1200; x_wconf 83' lang='lat' dir='ltr'>niro</span> <span class='ocrx_word' id='word_1_152' title='bbox 726 1155 794 1213; x_wconf 91' lang='lat' dir='ltr'>papa</span> <span class='ocrx_word' id='word_1_153' title='bbox 809 1136 917 1194; x_wconf 84' lang='lat' dir='ltr'>Gelasio</span> <span class='ocrx_word' id='word_1_154' title='bbox 928 1137 956 1199; x_wconf 72' lang='grc' dir='ltr'><strong>Α</strong></span> <span class='ocrx_word' id='word_1_155' title='bbox 969 1131 1061 1187; x_wconf 85' lang='lat' dir='ltr'>lliseoi</span> <span class='ocrx_word' id='word_1_156' title='bbox 1079 1128 1185 1186; x_wconf 72' lang='lat' dir='ltr'>iriellns</span> <span class='ocrx_word' id='word_1_157' title='bbox 1198 1132 1287 1188; x_wconf 89' lang='lat' dir='ltr'>denno</span> <span class='ocrx_word' id='word_1_158' title='bbox 1300 1134 1438 1190; x_wconf 70' lang='lat' dir='ltr'>recitetur.</span> <span class='ocrx_word' id='word_1_159' title='bbox 1455 1133 1614 1188; x_wconf 69' lang='lat' dir='ltr'>Anastasius</span> <span class='ocrx_word' id='word_1_160' title='bbox 1632 1132 1763 1190; x_wconf 66' lang='lat' dir='ltr'>tiermes</span> 
     </span>
     <span class='ocr_line' id='line_1_13' title="bbox 134 1223 1764 1305; baseline -0.007 -12"><span class='ocrx_word' id='word_1_161' title='bbox 134 1248 186 1293; x_wconf 88' lang='lat' dir='ltr'>tana</span> <span class='ocrx_word' id='word_1_162' title='bbox 198 1253 260 1294; x_wconf 86' lang='lat' dir='ltr'>cuns</span> <span class='ocrx_word' id='word_1_163' title='bbox 274 1237 423 1305; x_wconf 84' lang='lat' dir='ltr'>Boniiacio,</span> <span class='ocrx_word' id='word_1_164' title='bbox 444 1236 599 1301; x_wconf 74' lang='lat' dir='ltr'>Maximino,</span> <span class='ocrx_word' id='word_1_165' title='bbox 625 1232 785 1305; x_wconf 84' lang='lat' dir='ltr'>Epiphanio,</span> <span class='ocrx_word' id='word_1_166' title='bbox 807 1225 920 1292; x_wconf 81' lang='lat' dir='ltr'>Basilio,</span> <span class='ocrx_word' id='word_1_167' title='bbox 971 1223 1111 1280; x_wconf 84' lang='lat' dir='ltr'>recitavit:</span> <span class='ocrx_word' id='word_1_168' title='bbox 1128 1223 1222 1279; x_wconf 78' lang='lat' dir='ltr'>natum</span> <span class='ocrx_word' id='word_1_169' title='bbox 1236 1238 1253 1280; x_wconf 88' lang='lat' dir='ltr'>a</span> <span class='ocrx_word' id='word_1_170' title='bbox 1266 1224 1365 1280; x_wconf 89' lang='lat' dir='ltr'>iamuio</span> <span class='ocrx_word' id='word_1_171' title='bbox 1378 1236 1469 1281; x_wconf 87' lang='lat' dir='ltr'>vestro</span> <span class='ocrx_word' id='word_1_172' title='bbox 1483 1225 1587 1282; x_wconf 85' lang='lat' dir='ltr'>iliseno</span> <span class='ocrx_word' id='word_1_173' title='bbox 1605 1224 1652 1281; x_wconf 91' lang='lat' dir='ltr'>die</span> <span class='ocrx_word' id='word_1_174' title='bbox 1664 1233 1764 1281; x_wconf 73' lang='lat' dir='ltr'>ocum</span> 
     </span>
     <span class='ocr_line' id='line_1_14' title="bbox 135 1313 1761 1397; baseline -0.009 -13"><span class='ocrx_word' id='word_1_175' title='bbox 135 1323 227 1397; x_wconf 84' lang='lat' dir='ltr'>vitali,</span> <span class='ocrx_word' id='word_1_176' title='bbox 239 1328 332 1396; x_wconf 85' lang='lat' dir='ltr'>claro,</span> <span class='ocrx_word' id='word_1_177' title='bbox 344 1328 458 1395; x_wconf 76' lang='lat' dir='ltr'>Irenaeo,</span> <span class='ocrx_word' id='word_1_178' title='bbox 473 1326 563 1392; x_wconf 80' lang='lat' dir='ltr'>Decio,</span> <span class='ocrx_word' id='word_1_179' title='bbox 578 1323 680 1387; x_wconf 79' lang='lat' dir='ltr'>Asello,</span> <span class='ocrx_word' id='word_1_180' title='bbox 705 1319 803 1390; x_wconf 80' lang='lat' dir='ltr'>Euplo,</span> <span class='ocrx_word' id='word_1_181' title='bbox 827 1316 920 1373; x_wconf 73' lang='lat' dir='ltr'>Valeo·</span> <span class='ocrx_word' id='word_1_182' title='bbox 971 1313 1062 1371; x_wconf 88' lang='lat' dir='ltr'>iduum</span> <span class='ocrx_word' id='word_1_183' title='bbox 1077 1314 1241 1381; x_wconf 88' lang='lat' dir='ltr'>ilartiarom,</span> <span class='ocrx_word' id='word_1_184' title='bbox 1265 1314 1377 1371; x_wconf 76' lang='lat' dir='ltr'>Viatoro</span> <span class='ocrx_word' id='word_1_185' title='bbox 1389 1315 1423 1373; x_wconf 77' lang='lat' dir='ltr'>l.</span> <span class='ocrx_word' id='word_1_186' title='bbox 1435 1315 1466 1370; x_wconf 81' lang='lat' dir='ltr'>c.</span> <span class='ocrx_word' id='word_1_187' title='bbox 1481 1314 1602 1372; x_wconf 80' lang='lat' dir='ltr'>eonmle.</span> <span class='ocrx_word' id='word_1_188' title='bbox 1626 1313 1761 1384; x_wconf 68' lang='lat' dir='ltr'>Quaem</span> 
     </span>
     <span class='ocr_line' id='line_1_15' title="bbox 135 1405 1762 1485; baseline -0.006 -12"><span class='ocrx_word' id='word_1_189' title='bbox 135 1417 201 1483; x_wconf 87' lang='lat' dir='ltr'>tino,</span> <span class='ocrx_word' id='word_1_190' title='bbox 215 1418 387 1485; x_wconf 69' lang='lat' dir='ltr'>Martiniano,</span> <span class='ocrx_word' id='word_1_191' title='bbox 402 1419 494 1482; x_wconf 85' lang='lat' dir='ltr'>Basso,</span> <span class='ocrx_word' id='word_1_192' title='bbox 512 1415 641 1484; x_wconf 68' lang='lat' dir='ltr'>Benigno,</span> <span class='ocrx_word' id='word_1_193' title='bbox 661 1411 809 1476; x_wconf 81' lang='lat' dir='ltr'>Primitiro,</span> <span class='ocrx_word' id='word_1_194' title='bbox 831 1406 920 1462; x_wconf 84' lang='lat' dir='ltr'>Palla·</span> <span class='ocrx_word' id='word_1_195' title='bbox 969 1405 1082 1461; x_wconf 82' lang='lat' dir='ltr'>admem</span> <span class='ocrx_word' id='word_1_196' title='bbox 1098 1407 1214 1475; x_wconf 83' lang='lat' dir='ltr'>pertinet</span> <span class='ocrx_word' id='word_1_197' title='bbox 1237 1405 1403 1463; x_wconf 79' lang='lat' dir='ltr'>infelicitatis</span> <span class='ocrx_word' id='word_1_198' title='bbox 1418 1407 1572 1479; x_wconf 84' lang='lat' dir='ltr'>abruptum,</span> <span class='ocrx_word' id='word_1_199' title='bbox 1592 1405 1679 1463; x_wconf 88' lang='lat' dir='ltr'>errori</span> <span class='ocrx_word' id='word_1_200' title='bbox 1699 1419 1762 1462; x_wconf 84' lang='lat' dir='ltr'>neec</span> 
     </span>
     <span class='ocr_line' id='line_1_16' title="bbox 135 1495 1760 1574; baseline -0.003 -13"><span class='ocrx_word' id='word_1_201' title='bbox 135 1505 192 1572; x_wconf 88' lang='lat' dir='ltr'>dio,</span> <span class='ocrx_word' id='word_1_202' title='bbox 205 1506 359 1574; x_wconf 73' lang='lat' dir='ltr'>uindemio,</span> <span class='ocrx_word' id='word_1_203' title='bbox 372 1505 542 1573; x_wconf 82' lang='lat' dir='ltr'>Constantio,</span> <span class='ocrx_word' id='word_1_204' title='bbox 553 1503 690 1571; x_wconf 86' lang='lat' dir='ltr'>ilarlyrlo,</span> <span class='ocrx_word' id='word_1_205' title='bbox 703 1497 834 1562; x_wconf 80' lang='lat' dir='ltr'>Candido,</span> <span class='ocrx_word' id='word_1_206' title='bbox 849 1495 920 1551; x_wconf 84' lang='lat' dir='ltr'>Latt-</span> <span class='ocrx_word' id='word_1_207' title='bbox 971 1495 1092 1568; x_wconf 80' lang='lat' dir='ltr'>qualibet</span> <span class='ocrx_word' id='word_1_208' title='bbox 1106 1497 1211 1556; x_wconf 89' lang='lat' dir='ltr'>ratione</span> <span class='ocrx_word' id='word_1_209' title='bbox 1224 1506 1362 1554; x_wconf 85' lang='lat' dir='ltr'>contracto</span> <span class='ocrx_word' id='word_1_210' title='bbox 1376 1497 1477 1556; x_wconf 89' lang='lat' dir='ltr'>deilnio</span> <span class='ocrx_word' id='word_1_211' title='bbox 1492 1515 1544 1554; x_wconf 90' lang='lat' dir='ltr'>noo</span> <span class='ocrx_word' id='word_1_212' title='bbox 1564 1513 1625 1555; x_wconf 85' lang='lat' dir='ltr'>ease</span> <span class='ocrx_word' id='word_1_213' title='bbox 1645 1513 1760 1568; x_wconf 72' lang='lat' dir='ltr'>pareat·</span> 
     </span>
     <span class='ocr_line' id='line_1_17' title="bbox 136 1585 1759 1664; baseline -0.002 -13"><span class='ocrx_word' id='word_1_214' title='bbox 136 1597 240 1663; x_wconf 82' lang='lat' dir='ltr'>sentio,</span> <span class='ocrx_word' id='word_1_215' title='bbox 268 1596 396 1664; x_wconf 76' lang='lat' dir='ltr'>deodato,</span> <span class='ocrx_word' id='word_1_216' title='bbox 426 1595 577 1664; x_wconf 87' lang='lat' dir='ltr'>ilercnrio,</span> <span class='ocrx_word' id='word_1_217' title='bbox 599 1590 756 1662; x_wconf 85' lang='lat' dir='ltr'>Stephano,</span> <span class='ocrx_word' id='word_1_218' title='bbox 786 1585 919 1650; x_wconf 78' lang='lat' dir='ltr'>Dulcitio,</span> <span class='ocrx_word' id='word_1_219' title='bbox 973 1588 1036 1644; x_wconf 89' lang='lat' dir='ltr'>dum</span> <span class='ocrx_word' id='word_1_220' title='bbox 1056 1589 1267 1659; x_wconf 82' lang='lat' dir='ltr'>:qnoniamltoc</span> <span class='ocrx_word' id='word_1_221' title='bbox 1291 1590 1350 1659; x_wconf 89' lang='lat' dir='ltr'>ipso</span> <span class='ocrx_word' id='word_1_222' title='bbox 1365 1604 1444 1660; x_wconf 86' lang='lat' dir='ltr'>ptena</span> <span class='ocrx_word' id='word_1_223' title='bbox 1469 1603 1564 1647; x_wconf 89' lang='lat' dir='ltr'>carere</span> <span class='ocrx_word' id='word_1_224' title='bbox 1586 1604 1640 1646; x_wconf 90' lang='lat' dir='ltr'>non</span> <span class='ocrx_word' id='word_1_225' title='bbox 1659 1589 1759 1655; x_wconf 74' lang='lat' dir='ltr'>debeo.</span> 
     </span>
     <span class='ocr_line' id='line_1_18' title="bbox 136 1677 1759 1755; baseline -0.003 -14"><span class='ocrx_word' id='word_1_226' title='bbox 136 1684 293 1752; x_wconf 75' lang='lat' dir='ltr'>liortmtato,</span> <span class='ocrx_word' id='word_1_227' title='bbox 307 1687 461 1755; x_wconf 83' lang='lat' dir='ltr'>Pascltasio,</span> <span class='ocrx_word' id='word_1_228' title='bbox 478 1683 618 1750; x_wconf 82' lang='lat' dir='ltr'>sanctulo,</span> <span class='ocrx_word' id='word_1_229' title='bbox 630 1678 794 1745; x_wconf 83' lang='lat' dir='ltr'>innocentio,</span> <span class='ocrx_word' id='word_1_230' title='bbox 805 1677 921 1748; x_wconf 77' lang='lat' dir='ltr'>chryso·</span> <span class='ocrx_word' id='word_1_231' title='bbox 971 1680 1041 1749; x_wconf 77' lang='lat' dir='ltr'>estod</span> <span class='ocrx_word' id='word_1_232' title='bbox 1053 1677 1139 1733; x_wconf 87' lang='lat' dir='ltr'>merui</span> <span class='ocrx_word' id='word_1_233' title='bbox 1154 1677 1210 1734; x_wconf 76' lang='lat' dir='ltr'>¹ad</span> <span class='ocrx_word' id='word_1_234' title='bbox 1221 1693 1329 1736; x_wconf 85' lang='lat' dir='ltr'>causam</span> <span class='ocrx_word' id='word_1_235' title='bbox 1345 1679 1490 1750; x_wconf 80' lang='lat' dir='ltr'>possiem,</span> <span class='ocrx_word' id='word_1_236' title='bbox 1500 1693 1663 1750; x_wconf 70' lang='lat' dir='ltr'>quecunque</span> <span class='ocrx_word' id='word_1_237' title='bbox 1674 1678 1759 1749; x_wconf 79' lang='lat' dir='ltr'>leret,</span> 
     </span>
     <span class='ocr_line' id='line_1_19' title="bbox 136 1767 1091 1846; baseline -0.007 -14"><span class='ocrx_word' id='word_1_238' title='bbox 136 1788 218 1846; x_wconf 68' lang='lat' dir='ltr'>pono,</span> <span class='ocrx_word' id='word_1_239' title='bbox 245 1775 390 1844; x_wconf 82' lang='lat' dir='ltr'>colonico,</span> <span class='ocrx_word' id='word_1_240' title='bbox 416 1775 542 1842; x_wconf 85' lang='lat' dir='ltr'>liciensi,</span> <span class='ocrx_word' id='word_1_241' title='bbox 564 1772 736 1837; x_wconf 65' lang='lat' dir='ltr'>Maximiano,</span> <span class='ocrx_word' id='word_1_242' title='bbox 766 1767 918 1834; x_wconf 73' lang='lat' dir='ltr'>Valentino,</span> <span class='ocrx_word' id='word_1_243' title='bbox 971 1770 1091 1840; x_wconf 88' lang='lat' dir='ltr'>perduci.</span> 
     </span>
     <span class='ocr_line' id='line_1_20' title="bbox 136 1856 1756 1935; baseline -0.004 -13"><span class='ocrx_word' id='word_1_244' title='bbox 136 1864 305 1933; x_wconf 85' lang='lat' dir='ltr'>Constantio,</span> <span class='ocrx_word' id='word_1_245' title='bbox 314 1866 475 1931; x_wconf 83' lang='lat' dir='ltr'>Gaudentio,</span> <span class='ocrx_word' id='word_1_246' title='bbox 491 1863 590 1933; x_wconf 78' lang='lat' dir='ltr'>Felice,</span> <span class='ocrx_word' id='word_1_247' title='bbox 607 1861 747 1925; x_wconf 75' lang='lat' dir='ltr'>vitaliano,</span> <span class='ocrx_word' id='word_1_248' title='bbox 760 1859 853 1926; x_wconf 85' lang='lat' dir='ltr'>Petro,</span> <span class='ocrx_word' id='word_1_249' title='bbox 868 1856 920 1914; x_wconf 89' lang='lat' dir='ltr'>Se·</span> <span class='ocrx_word' id='word_1_250' title='bbox 1005 1860 1139 1928; x_wconf 81' lang='lat' dir='ltr'>Quantum</span> <span class='ocrx_word' id='word_1_251' title='bbox 1151 1875 1217 1918; x_wconf 83' lang='lat' dir='ltr'>sero</span> <span class='ocrx_word' id='word_1_252' title='bbox 1229 1861 1345 1931; x_wconf 77' lang='lat' dir='ltr'>pertinet</span> <span class='ocrx_word' id='word_1_253' title='bbox 1360 1859 1408 1934; x_wconf 87' lang='lat' dir='ltr'>[ul.</span> <span class='ocrx_word' id='word_1_254' title='bbox 1429 1860 1549 1935; x_wconf 79' lang='lat' dir='ltr'>respicit]</span> <span class='ocrx_word' id='word_1_255' title='bbox 1562 1860 1596 1917; x_wconf 92' lang='lat' dir='ltr'>atl</span> <span class='ocrx_word' id='word_1_256' title='bbox 1606 1860 1756 1922; x_wconf 81' lang='lat' dir='ltr'>remed‘uie</span> 
     </span>
     <span class='ocr_line' id='line_1_21' title="bbox 136 1949 1761 2026; baseline -0.003 -13"><span class='ocrx_word' id='word_1_257' title='bbox 136 1971 214 2022; x_wconf 84' lang='lat' dir='ltr'>reno.</span> <span class='ocrx_word' id='word_1_258' title='bbox 227 1957 357 2026; x_wconf 74' lang='lat' dir='ltr'>oncupio,</span> <span class='ocrx_word' id='word_1_259' title='bbox 374 1957 526 2022; x_wconf 74' lang='lat' dir='ltr'>Timotheo,</span> <span class='ocrx_word' id='word_1_260' title='bbox 550 1954 699 2026; x_wconf 79' lang='lat' dir='ltr'>saeptum,</span> <span class='ocrx_word' id='word_1_261' title='bbox 721 1949 878 2020; x_wconf 86' lang='lat' dir='ltr'>Laurentio,</span> <span class='ocrx_word' id='word_1_262' title='bbox 892 1956 921 2006; x_wconf 90' lang='lat' dir='ltr'>et</span> <span class='ocrx_word' id='word_1_263' title='bbox 969 1950 1129 2019; x_wconf 78' lang='lat' dir='ltr'>subsidium,</span> <span class='ocrx_word' id='word_1_264' title='bbox 1144 1951 1198 2008; x_wconf 94' lang='lat' dir='ltr'>duo</span> <span class='ocrx_word' id='word_1_265' title='bbox 1209 1961 1272 2008; x_wconf 83' lang='lat' dir='ltr'>sunt</span> <span class='ocrx_word' id='word_1_266' title='bbox 1282 1967 1340 2021; x_wconf 79' lang='lat' dir='ltr'>qno</span> <span class='ocrx_word' id='word_1_267' title='bbox 1352 1966 1395 2009; x_wconf 89' lang='lat' dir='ltr'>me</span> <span class='ocrx_word' id='word_1_268' title='bbox 1407 1952 1440 2008; x_wconf 87' lang='lat' dir='ltr'>ad</span> <span class='ocrx_word' id='word_1_269' title='bbox 1455 1952 1507 2008; x_wconf 86' lang='lat' dir='ltr'>laoc</span> <span class='ocrx_word' id='word_1_270' title='bbox 1525 1951 1685 2025; x_wconf 81' lang='lat' dir='ltr'>suppliciter</span> <span class='ocrx_word' id='word_1_271' title='bbox 1707 1953 1761 2008; x_wconf 88' lang='lat' dir='ltr'>lm·</span> 
     </span>
     <span class='ocr_line' id='line_1_22' title="bbox 136 2043 1762 2120; baseline -0.001 -16"><span class='ocrx_word' id='word_1_272' title='bbox 136 2048 225 2106; x_wconf 76' lang='lat' dir='ltr'>Praise</span> <span class='ocrx_word' id='word_1_273' title='bbox 250 2049 395 2120; x_wconf 83' lang='lat' dir='ltr'>episcopis,</span> <span class='ocrx_word' id='word_1_274' title='bbox 419 2047 600 2105; x_wconf 82' lang='lat' dir='ltr'>residentibus</span> <span class='ocrx_word' id='word_1_275' title='bbox 620 2047 701 2102; x_wconf 86' lang='lat' dir='ltr'>etiem</span> <span class='ocrx_word' id='word_1_276' title='bbox 715 2043 837 2110; x_wconf 79' lang='lat' dir='ltr'>Cratino,</span> <span class='ocrx_word' id='word_1_277' title='bbox 852 2043 921 2099; x_wconf 83' lang='lat' dir='ltr'>Latt-</span> <span class='ocrx_word' id='word_1_278' title='bbox 969 2045 1129 2117; x_wconf 89' lang='lat' dir='ltr'>plorandum</span> <span class='ocrx_word' id='word_1_279' title='bbox 1143 2047 1236 2102; x_wconf 86' lang='lat' dir='ltr'>renire</span> <span class='ocrx_word' id='word_1_280' title='bbox 1249 2047 1455 2118; x_wconf 73' lang='lat' dir='ltr'>cottstrirtpun13</span> <span class='ocrx_word' id='word_1_281' title='bbox 1480 2062 1515 2103; x_wconf 88' lang='lat' dir='ltr'>tte</span> <span class='ocrx_word' id='word_1_282' title='bbox 1530 2046 1573 2103; x_wconf 82' lang='lat' dir='ltr'>rel</span> <span class='ocrx_word' id='word_1_283' title='bbox 1593 2060 1646 2118; x_wconf 72' lang='lat' dir='ltr'>epo</span> <span class='ocrx_word' id='word_1_284' title='bbox 1663 2045 1762 2118; x_wconf 83' lang='lat' dir='ltr'>despa-</span> 
     </span>
     <span class='ocr_line' id='line_1_23' title="bbox 135 2135 1760 2212; baseline -0.002 -15"><span class='ocrx_word' id='word_1_285' title='bbox 135 2141 239 2209; x_wconf 85' lang='lat' dir='ltr'>reatio,</span> <span class='ocrx_word' id='word_1_286' title='bbox 249 2141 377 2210; x_wconf 84' lang='lat' dir='ltr'>Canusio,</span> <span class='ocrx_word' id='word_1_287' title='bbox 392 2139 683 2212; x_wconf 67' lang='lat' dir='ltr'>degerim-lanuario,</span> <span class='ocrx_word' id='word_1_288' title='bbox 697 2139 839 2205; x_wconf 87' lang='lat' dir='ltr'>ilartiano,</span> <span class='ocrx_word' id='word_1_289' title='bbox 851 2135 920 2192; x_wconf 83' lang='lat' dir='ltr'>Gor·</span> <span class='ocrx_word' id='word_1_290' title='bbox 969 2140 1073 2195; x_wconf 89' lang='lat' dir='ltr'>ratione</span> <span class='ocrx_word' id='word_1_291' title='bbox 1088 2140 1173 2211; x_wconf 71' lang='lat' dir='ltr'>magis</span> <span class='ocrx_word' id='word_1_292' title='bbox 1198 2140 1335 2210; x_wconf 90' lang='lat' dir='ltr'>perpetuis</span> <span class='ocrx_word' id='word_1_293' title='bbox 1350 2140 1514 2197; x_wconf 86' lang='lat' dir='ltr'>cruciatibus</span> <span class='ocrx_word' id='word_1_294' title='bbox 1526 2141 1578 2197; x_wconf 91' lang='lat' dir='ltr'>sim</span> <span class='ocrx_word' id='word_1_295' title='bbox 1599 2139 1698 2210; x_wconf 69' lang='lat' dir='ltr'>dignus</span> <span class='ocrx_word' id='word_1_296' title='bbox 1711 2138 1760 2193; x_wconf 91' lang='lat' dir='ltr'>ati·</span> 
     </span>
     <span class='ocr_line' id='line_1_24' title="bbox 136 2227 1760 2301; baseline -0.002 -14"><span class='ocrx_word' id='word_1_297' title='bbox 136 2228 227 2295; x_wconf 78' lang='lat' dir='ltr'>disne,</span> <span class='ocrx_word' id='word_1_298' title='bbox 238 2230 330 2298; x_wconf 82' lang='lat' dir='ltr'>Petro,</span> <span class='ocrx_word' id='word_1_299' title='bbox 347 2231 454 2298; x_wconf 76' lang='lat' dir='ltr'>Urbica,</span> <span class='ocrx_word' id='word_1_300' title='bbox 467 2229 588 2297; x_wconf 85' lang='lat' dir='ltr'>Paulino,</span> <span class='ocrx_word' id='word_1_301' title='bbox 599 2230 722 2296; x_wconf 76' lang='lat' dir='ltr'>Valente,</span> <span class='ocrx_word' id='word_1_302' title='bbox 738 2230 829 2294; x_wconf 85' lang='lat' dir='ltr'>Petro,</span> <span class='ocrx_word' id='word_1_303' title='bbox 843 2227 921 2283; x_wconf 75' lang='lat' dir='ltr'>Aste-</span> <span class='ocrx_word' id='word_1_304' title='bbox 969 2229 1033 2293; x_wconf 85' lang='lat' dir='ltr'>dici,</span> <span class='ocrx_word' id='word_1_305' title='bbox 1047 2230 1349 2301; x_wconf 73' lang='lat' dir='ltr'>intepretationum</span> <span class='ocrx_word' id='word_1_306' title='bbox 1363 2230 1490 2300; x_wconf 85' lang='lat' dir='ltr'>exemplo</span> <span class='ocrx_word' id='word_1_307' title='bbox 1504 2247 1512 2287; x_wconf 76' lang='grc' dir='ltr'>ι</span> <span class='ocrx_word' id='word_1_308' title='bbox 1525 2239 1553 2287; x_wconf 85' lang='lat' dir='ltr'>et</span> <span class='ocrx_word' id='word_1_309' title='bbox 1565 2230 1709 2300; x_wconf 81' lang='lat' dir='ltr'>quisunta</span> <span class='ocrx_word' id='word_1_310' title='bbox 1719 2237 1760 2285; x_wconf 87' lang='lat' dir='ltr'>est</span> 
     </span>
     <span class='ocr_line' id='line_1_25' title="bbox 137 2316 1762 2391; baseline 0.001 -19"><span class='ocrx_word' id='word_1_311' title='bbox 137 2321 191 2387; x_wconf 82' lang='lat' dir='ltr'>rio,</span> <span class='ocrx_word' id='word_1_312' title='bbox 215 2318 373 2391; x_wconf 73' lang='lat' dir='ltr'>smaragdo,</span> <span class='ocrx_word' id='word_1_313' title='bbox 400 2319 552 2385; x_wconf 88' lang='lat' dir='ltr'>lionilacio,</span> <span class='ocrx_word' id='word_1_314' title='bbox 579 2319 734 2382; x_wconf 80' lang='lat' dir='ltr'>dissentio,</span> <span class='ocrx_word' id='word_1_315' title='bbox 759 2316 919 2388; x_wconf 81' lang='lat' dir='ltr'>Epiphania,</span> <span class='ocrx_word' id='word_1_316' title='bbox 970 2318 1113 2375; x_wconf 75' lang='lat' dir='ltr'>ineffabilis</span> <span class='ocrx_word' id='word_1_317' title='bbox 1132 2320 1177 2374; x_wconf 93' lang='lat' dir='ltr'>illa</span> <span class='ocrx_word' id='word_1_318' title='bbox 1201 2320 1356 2384; x_wconf 84' lang='lat' dir='ltr'>clementia,</span> <span class='ocrx_word' id='word_1_319' title='bbox 1380 2318 1441 2389; x_wconf 76' lang='lat' dir='ltr'>lpum</span> <span class='ocrx_word' id='word_1_320' title='bbox 1465 2319 1612 2391; x_wconf 84' lang='lat' dir='ltr'>apostolica</span> <span class='ocrx_word' id='word_1_321' title='bbox 1628 2326 1762 2390; x_wconf 70' lang='lat' dir='ltr'>pululare</span> 
     </span>
     <span class='ocr_line' id='line_1_26' title="bbox 138 2406 1760 2482; baseline -0.001 -16"><span class='ocrx_word' id='word_1_322' title='bbox 138 2411 254 2477; x_wconf 85' lang='lat' dir='ltr'>lustina,</span> <span class='ocrx_word' id='word_1_323' title='bbox 280 2411 382 2478; x_wconf 81' lang='lat' dir='ltr'>Felice,</span> <span class='ocrx_word' id='word_1_324' title='bbox 408 2409 579 2478; x_wconf 81' lang='lat' dir='ltr'>Redempto,</span> <span class='ocrx_word' id='word_1_325' title='bbox 606 2408 769 2478; x_wconf 73' lang='lat' dir='ltr'>Proiectum</span> <span class='ocrx_word' id='word_1_326' title='bbox 795 2406 917 2475; x_wconf 81' lang='lat' dir='ltr'>Callisto,</span> <span class='ocrx_word' id='word_1_327' title='bbox 970 2411 1124 2466; x_wconf 85' lang='lat' dir='ltr'>universum</span> <span class='ocrx_word' id='word_1_328' title='bbox 1137 2409 1241 2467; x_wconf 85' lang='lat' dir='ltr'>lacinus</span> <span class='ocrx_word' id='word_1_329' title='bbox 1254 2409 1760 2482; x_wconf 76' lang='lat' dir='ltr'>possitalseolnere.llanciyitursolam</span> 
     </span>
     <span class='ocr_line' id='line_1_27' title="bbox 137 2479 1759 2579; baseline -0.003 -20"><span class='ocrx_word' id='word_1_330' title='bbox 137 2500 250 2565; x_wconf 69' lang='lat' dir='ltr'>henne,</span> <span class='ocrx_word' id='word_1_331' title='bbox 268 2500 419 2566; x_wconf 81' lang='lat' dir='ltr'>valentino,</span> <span class='ocrx_word' id='word_1_332' title='bbox 434 2500 603 2564; x_wconf 84' lang='lat' dir='ltr'>Sebastiano,</span> <span class='ocrx_word' id='word_1_333' title='bbox 617 2499 742 2567; x_wconf 84' lang='lat' dir='ltr'>ilartino,</span> <span class='ocrx_word' id='word_1_334' title='bbox 758 2497 919 2570; x_wconf 74' lang='lat' dir='ltr'>Epiphanio,</span> <span class='ocrx_word' id='word_1_335' title='bbox 934 2479 958 2542; x_wconf 69' lang='grc' dir='ltr'><strong><em>Β</em></strong></span> <span class='ocrx_word' id='word_1_336' title='bbox 972 2501 999 2555; x_wconf 88' lang='lat' dir='ltr'>irs</span> <span class='ocrx_word' id='word_1_337' title='bbox 1018 2515 1079 2555; x_wconf 90' lang='lat' dir='ltr'>meo</span> <span class='ocrx_word' id='word_1_338' title='bbox 1092 2499 1207 2571; x_wconf 71' lang='lat' dir='ltr'>negotio,</span> <span class='ocrx_word' id='word_1_339' title='bbox 1220 2514 1287 2571; x_wconf 88' lang='lat' dir='ltr'>papa</span> <span class='ocrx_word' id='word_1_340' title='bbox 1297 2498 1467 2565; x_wconf 83' lang='lat' dir='ltr'>reiterabilis,</span> <span class='ocrx_word' id='word_1_341' title='bbox 1483 2513 1576 2579; x_wconf 84' lang='lat' dir='ltr'>vocem</span> <span class='ocrx_word' id='word_1_342' title='bbox 1589 2497 1759 2571; x_wconf 67' lang='lat' dir='ltr'>miserendus</span> 
     </span>
     <span class='ocr_line' id='line_1_28' title="bbox 138 2587 1759 2662; baseline 0.001 -17"><span class='ocrx_word' id='word_1_343' title='bbox 138 2591 254 2653; x_wconf 68' lang='lat' dir='ltr'>andrea,</span> <span class='ocrx_word' id='word_1_344' title='bbox 268 2588 407 2653; x_wconf 80' lang='lat' dir='ltr'>servodei,</span> <span class='ocrx_word' id='word_1_345' title='bbox 422 2589 574 2658; x_wconf 75' lang='lat' dir='ltr'>nouimus,</span> <span class='ocrx_word' id='word_1_346' title='bbox 590 2589 681 2656; x_wconf 72' lang='lat' dir='ltr'>Petro,</span> <span class='ocrx_word' id='word_1_347' title='bbox 692 2587 840 2654; x_wconf 80' lang='lat' dir='ltr'>Servanda,</span> <span class='ocrx_word' id='word_1_348' title='bbox 852 2589 921 2660; x_wconf 69' lang='lat' dir='ltr'>dya-</span> <span class='ocrx_word' id='word_1_349' title='bbox 970 2591 1177 2660; x_wconf 65' lang='lat' dir='ltr'>edundodlaree</span> <span class='ocrx_word' id='word_1_350' title='bbox 1186 2590 1759 2662; x_wconf 70' lang='lat' dir='ltr'>prostrato,porrigemamrmiaeentiliuliis</span> 
     </span>
     <span class='ocr_line' id='line_1_29' title="bbox 138 2674 1809 2756; baseline 0.002 -22"><span class='ocrx_word' id='word_1_351' title='bbox 138 2679 203 2748; x_wconf 80' lang='lat' dir='ltr'>pito,</span> <span class='ocrx_word' id='word_1_352' title='bbox 228 2679 408 2743; x_wconf 78' lang='lat' dir='ltr'>diutidantio,</span> <span class='ocrx_word' id='word_1_353' title='bbox 435 2679 601 2744; x_wconf 74' lang='lat' dir='ltr'>Marcellino,</span> <span class='ocrx_word' id='word_1_354' title='bbox 627 2679 739 2748; x_wconf 75' lang='lat' dir='ltr'>litorio,</span> <span class='ocrx_word' id='word_1_355' title='bbox 765 2679 919 2745; x_wconf 83' lang='lat' dir='ltr'>Lattrentio,</span> <span class='ocrx_word' id='word_1_356' title='bbox 970 2683 1126 2756; x_wconf 72' lang='lat' dir='ltr'>ignorantiae</span> <span class='ocrx_word' id='word_1_357' title='bbox 1137 2674 1355 2737; x_wconf 69' lang='lat' dir='ltr'>excusationibus</span> <span class='ocrx_word' id='word_1_358' title='bbox 1368 2682 1448 2746; x_wconf 81' lang='lat' dir='ltr'>nitor,</span> <span class='ocrx_word' id='word_1_359' title='bbox 1460 2682 1546 2738; x_wconf 74' lang='lat' dir='ltr'>nolim</span> <span class='ocrx_word' id='word_1_360' title='bbox 1555 2681 1693 2753; x_wconf 88' lang='lat' dir='ltr'>decipulas</span> <span class='ocrx_word' id='word_1_361' title='bbox 1708 2682 1760 2738; x_wconf 86' lang='lat' dir='ltr'>cir·</span> <span class='ocrx_word' id='word_1_362' title='bbox 1806 2742 1809 2747; x_wconf 62' lang='grc'><strong>,</strong></span> 
     </span>
     <span class='ocr_line' id='line_1_30' title="bbox 136 2768 1758 2843; baseline 0.002 -19"><span class='ocrx_word' id='word_1_363' title='bbox 136 2768 918 2840; x_wconf 55' lang='lat' dir='ltr'>Agathoneffiebastiano,Valentino,anastasimllenesio,</span> <span class='ocrx_word' id='word_1_364' title='bbox 969 2772 1164 2828; x_wconf 86' lang='lat' dir='ltr'>eutnrentlonis</span> <span class='ocrx_word' id='word_1_365' title='bbox 1179 2772 1305 2839; x_wconf 85' lang='lat' dir='ltr'>ohtettdo,</span> <span class='ocrx_word' id='word_1_366' title='bbox 1327 2774 1418 2828; x_wconf 87' lang='lat' dir='ltr'>necin</span> <span class='ocrx_word' id='word_1_367' title='bbox 1438 2788 1598 2843; x_wconf 75' lang='lat' dir='ltr'>quemqnam</span> <span class='ocrx_word' id='word_1_368' title='bbox 1618 2772 1758 2829; x_wconf 86' lang='lat' dir='ltr'>calamita·</span> 
     </span>
     <span class='ocr_line' id='line_1_31' title="bbox 136 2848 1762 2936; baseline 0.002 -20"><span class='ocrx_word' id='word_1_369' title='bbox 136 2861 273 2934; x_wconf 80' lang='lat' dir='ltr'>llionyain,</span> <span class='ocrx_word' id='word_1_370' title='bbox 298 2860 464 2931; x_wconf 83' lang='lat' dir='ltr'>Epiphanio,</span> <span class='ocrx_word' id='word_1_371' title='bbox 488 2861 614 2929; x_wconf 78' lang='lat' dir='ltr'>Acontio,</span> <span class='ocrx_word' id='word_1_372' title='bbox 643 2861 765 2927; x_wconf 84' lang='lat' dir='ltr'>Paulino,</span> <span class='ocrx_word' id='word_1_373' title='bbox 796 2863 919 2932; x_wconf 77' lang='lat' dir='ltr'>Ayoplto,</span> <span class='ocrx_word' id='word_1_374' title='bbox 971 2862 1348 2919; x_wconf 78' lang='lat' dir='ltr'>tismeaestudcotransierre</span> <span class='ocrx_word' id='word_1_375' title='bbox 1366 2863 1604 2936; x_wconf 59' lang='lat' dir='ltr'>discrimenque</span> <span class='ocrx_word' id='word_1_376' title='bbox 1627 2848 1762 2920; x_wconf 55' lang='lat' dir='ltr'>aiiosinss</span> 
     </span>
     <span class='ocr_line' id='line_1_32' title="bbox 135 2951 1757 3028; baseline 0.002 -20"><span class='ocrx_word' id='word_1_377' title='bbox 135 2952 285 3018; x_wconf 72' lang='lat' dir='ltr'>ddeodato,</span> <span class='ocrx_word' id='word_1_378' title='bbox 302 2952 457 3020; x_wconf 84' lang='lat' dir='ltr'>Benedicta,</span> <span class='ocrx_word' id='word_1_379' title='bbox 473 2951 623 3020; x_wconf 86' lang='lat' dir='ltr'>llominico,</span> <span class='ocrx_word' id='word_1_380' title='bbox 636 2951 795 3025; x_wconf 83' lang='lat' dir='ltr'>Redempto,</span> <span class='ocrx_word' id='word_1_381' title='bbox 806 2952 918 3021; x_wconf 81' lang='lat' dir='ltr'>Severo,</span> <span class='ocrx_word' id='word_1_382' title='bbox 969 2969 1064 3013; x_wconf 85' lang='lat' dir='ltr'>casare</span> <span class='ocrx_word' id='word_1_383' title='bbox 1079 2970 1132 3011; x_wconf 90' lang='lat' dir='ltr'>non</span> <span class='ocrx_word' id='word_1_384' title='bbox 1155 2956 1251 3021; x_wconf 83' lang='lat' dir='ltr'>debeo,</span> <span class='ocrx_word' id='word_1_385' title='bbox 1274 2957 1319 3028; x_wconf 82' lang='lat' dir='ltr'>qui</span> <span class='ocrx_word' id='word_1_386' title='bbox 1336 2970 1444 3027; x_wconf 89' lang='lat' dir='ltr'>poscam</span> <span class='ocrx_word' id='word_1_387' title='bbox 1466 2955 1614 3013; x_wconf 86' lang='lat' dir='ltr'>clementer</span> <span class='ocrx_word' id='word_1_388' title='bbox 1639 2954 1757 3018; x_wconf 77' lang='lat' dir='ltr'>absolsi:</span> 
     </span>
     <span class='ocr_line' id='line_1_33' title="bbox 134 3040 1758 3116; baseline 0.001 -18"><span class='ocrx_word' id='word_1_389' title='bbox 134 3040 253 3114; x_wconf 78' lang='lat' dir='ltr'>iuliano,</span> <span class='ocrx_word' id='word_1_390' title='bbox 267 3041 415 3114; x_wconf 83' lang='lat' dir='ltr'>Stephano,</span> <span class='ocrx_word' id='word_1_391' title='bbox 427 3040 629 3111; x_wconf 80' lang='lat' dir='ltr'>crescentiano,</span> <span class='ocrx_word' id='word_1_392' title='bbox 639 3042 800 3114; x_wconf 79' lang='lat' dir='ltr'>septimino,</span> <span class='ocrx_word' id='word_1_393' title='bbox 810 3041 921 3114; x_wconf 83' lang='lat' dir='ltr'>Cypria·</span> <span class='ocrx_word' id='word_1_394' title='bbox 970 3046 1032 3116; x_wconf 82' lang='lat' dir='ltr'>quia</span> <span class='ocrx_word' id='word_1_395' title='bbox 1046 3045 1108 3102; x_wconf 86' lang='lat' dir='ltr'>licet</span> <span class='ocrx_word' id='word_1_396' title='bbox 1120 3046 1185 3101; x_wconf 84' lang='lat' dir='ltr'>milti</span> <span class='ocrx_word' id='word_1_397' title='bbox 1205 3058 1254 3116; x_wconf 91' lang='lat' dir='ltr'>pro</span> <span class='ocrx_word' id='word_1_398' title='bbox 1278 3059 1336 3100; x_wconf 81' lang='lat' dir='ltr'>moa</span> <span class='ocrx_word' id='word_1_399' title='bbox 1365 3044 1525 3102; x_wconf 76' lang='lat' dir='ltr'>defensione</span> <span class='ocrx_word' id='word_1_400' title='bbox 1543 3044 1609 3100; x_wconf 85' lang='lat' dir='ltr'>niliii</span> <span class='ocrx_word' id='word_1_401' title='bbox 1634 3043 1758 3110; x_wconf 79' lang='lat' dir='ltr'>aderam,</span> 
     </span>
     <span class='ocr_line' id='line_1_34' title="bbox 136 3134 1758 3208; baseline -0.001 -16"><span class='ocrx_word' id='word_1_402' title='bbox 136 3150 182 3203; x_wconf 85' lang='lat' dir='ltr'>no,</span> <span class='ocrx_word' id='word_1_403' title='bbox 203 3145 230 3192; x_wconf 93' lang='lat' dir='ltr'>et</span> <span class='ocrx_word' id='word_1_404' title='bbox 253 3135 408 3207; x_wconf 78' lang='lat' dir='ltr'>Epiphanio</span> <span class='ocrx_word' id='word_1_405' title='bbox 428 3135 593 3208; x_wconf 84' lang='lat' dir='ltr'>presbyteris</span> <span class='ocrx_word' id='word_1_406' title='bbox 607 3150 733 3191; x_wconf 86' lang='lat' dir='ltr'>anacam</span> <span class='ocrx_word' id='word_1_407' title='bbox 752 3136 920 3192; x_wconf 76' lang='lat' dir='ltr'>Amandiano</span> <span class='ocrx_word' id='word_1_408' title='bbox 971 3150 1024 3191; x_wconf 93' lang='lat' dir='ltr'>non</span> <span class='ocrx_word' id='word_1_409' title='bbox 1037 3135 1170 3205; x_wconf 74' lang='lat' dir='ltr'>ambigam</span> <span class='ocrx_word' id='word_1_410' title='bbox 1184 3144 1272 3191; x_wconf 88' lang='lat' dir='ltr'>tamen</span> <span class='ocrx_word' id='word_1_411' title='bbox 1290 3135 1448 3191; x_wconf 67' lang='lat' dir='ltr'>haecomnia</span> <span class='ocrx_word' id='word_1_412' title='bbox 1460 3134 1617 3206; x_wconf 78' lang='lat' dir='ltr'>tuoiudicio</span> <span class='ocrx_word' id='word_1_413' title='bbox 1630 3144 1758 3192; x_wconf 81' lang='lat' dir='ltr'>esserra·</span> 
     </span>
     <span class='ocr_line' id='line_1_35' title="bbox 134 3224 1758 3296; baseline 0.001 -15"><span class='ocrx_word' id='word_1_414' title='bbox 134 3226 195 3281; x_wconf 82' lang='lat' dir='ltr'>viro</span> <span class='ocrx_word' id='word_1_415' title='bbox 207 3225 318 3294; x_wconf 83' lang='lat' dir='ltr'>illustri,</span> <span class='ocrx_word' id='word_1_416' title='bbox 331 3234 360 3282; x_wconf 92' lang='lat' dir='ltr'>et</span> <span class='ocrx_word' id='word_1_417' title='bbox 374 3225 537 3296; x_wconf 78' lang='lat' dir='ltr'>llioyeniano</span> <span class='ocrx_word' id='word_1_418' title='bbox 558 3225 617 3281; x_wconf 86' lang='lat' dir='ltr'>siro</span> <span class='ocrx_word' id='word_1_419' title='bbox 629 3224 782 3296; x_wconf 86' lang='lat' dir='ltr'>spectabili;</span> <span class='ocrx_word' id='word_1_420' title='bbox 805 3225 918 3281; x_wconf 85' lang='lat' dir='ltr'>astanti·</span> <span class='ocrx_word' id='word_1_421' title='bbox 970 3226 1077 3283; x_wconf 86' lang='lat' dir='ltr'>etatida.</span> <span class='ocrx_word' id='word_1_422' title='bbox 1093 3226 1206 3282; x_wconf 84' lang='lat' dir='ltr'>T.mtnm</span> <span class='ocrx_word' id='word_1_423' title='bbox 1232 3242 1334 3296; x_wconf 79' lang='lat' dir='ltr'>queso,</span> <span class='ocrx_word' id='word_1_424' title='bbox 1360 3238 1388 3282; x_wconf 93' lang='lat' dir='ltr'>ut</span> <span class='ocrx_word' id='word_1_425' title='bbox 1413 3240 1531 3296; x_wconf 88' lang='lat' dir='ltr'>superno</span> <span class='ocrx_word' id='word_1_426' title='bbox 1550 3225 1659 3282; x_wconf 79' lang='lat' dir='ltr'>Nesoini</span> <span class='ocrx_word' id='word_1_427' title='bbox 1678 3224 1758 3284; x_wconf 83' lang='lat' dir='ltr'>ohse-</span> 
     </span>
     <span class='ocr_line' id='line_1_36' title="bbox 134 3313 1757 3389; baseline -0.004 -12"><span class='ocrx_word' id='word_1_428' title='bbox 134 3315 185 3377; x_wconf 75' lang='lat' dir='ltr'>bite</span> <span class='ocrx_word' id='word_1_429' title='bbox 198 3330 304 3389; x_wconf 83' lang='lat' dir='ltr'>quoque</span> <span class='ocrx_word' id='word_1_430' title='bbox 316 3315 483 3381; x_wconf 82' lang='lat' dir='ltr'>diaconibus,</span> <span class='ocrx_word' id='word_1_431' title='bbox 497 3315 621 3374; x_wconf 71' lang='lat' dir='ltr'>(islarius</span> <span class='ocrx_word' id='word_1_432' title='bbox 636 3315 777 3385; x_wconf 82' lang='lat' dir='ltr'>episeopus</span> <span class='ocrx_word' id='word_1_433' title='bbox 791 3314 920 3373; x_wconf 72' lang='lat' dir='ltr'>Ecclesiae</span> <span class='ocrx_word' id='word_1_434' title='bbox 970 3324 1093 3387; x_wconf 78' lang='lat' dir='ltr'>ostentes,</span> <span class='ocrx_word' id='word_1_435' title='bbox 1108 3316 1179 3385; x_wconf 80' lang='lat' dir='ltr'>quud</span> <span class='ocrx_word' id='word_1_436' title='bbox 1191 3316 1344 3387; x_wconf 88' lang='lat' dir='ltr'>pronuntiat</span> <span class='ocrx_word' id='word_1_437' title='bbox 1353 3331 1401 3387; x_wconf 87' lang='lat' dir='ltr'>per</span> <span class='ocrx_word' id='word_1_438' title='bbox 1417 3316 1593 3387; x_wconf 77' lang='lat' dir='ltr'>proplietam:</span> <span class='ocrx_word' id='word_1_439' title='bbox 1607 3313 1678 3371; x_wconf 82' lang='lat' dir='ltr'>Nola</span> <span class='ocrx_word' id='word_1_440' title='bbox 1687 3328 1757 3370; x_wconf 81' lang='lat' dir='ltr'>trer-</span> 
     </span>
     <span class='ocr_line' id='line_1_37' title="bbox 134 3401 1754 3477; baseline -0.002 -13"><span class='ocrx_word' id='word_1_441' title='bbox 134 3407 274 3464; x_wconf 85' lang='lat' dir='ltr'>eatltoiicae</span> <span class='ocrx_word' id='word_1_442' title='bbox 284 3407 359 3463; x_wconf 86' lang='lat' dir='ltr'>urbis</span> <span class='ocrx_word' id='word_1_443' title='bbox 371 3405 464 3461; x_wconf 79' lang='lat' dir='ltr'>Romae</span> <span class='ocrx_word' id='word_1_444' title='bbox 477 3405 544 3461; x_wconf 78' lang='lat' dir='ltr'>dixit</span> <span class='ocrx_word' id='word_1_445' title='bbox 557 3421 564 3458; x_wconf 79' lang='grc' dir='ltr'>ι</span> <span class='ocrx_word' id='word_1_446' title='bbox 580 3405 700 3460; x_wconf 88' lang='lat' dir='ltr'>llemlnit</span> <span class='ocrx_word' id='word_1_447' title='bbox 711 3404 820 3461; x_wconf 87' lang='lat' dir='ltr'>dilectio</span> <span class='ocrx_word' id='word_1_448' title='bbox 833 3413 921 3462; x_wconf 80' lang='lat' dir='ltr'>vestm</span> <span class='ocrx_word' id='word_1_449' title='bbox 971 3406 1257 3471; x_wconf 59' lang='lat' dir='ltr'>teminorientismtonec</span> <span class='ocrx_word' id='word_1_450' title='bbox 1267 3413 1436 3461; x_wconf 75' lang='lat' dir='ltr'>renutatmet</span> <span class='ocrx_word' id='word_1_451' title='bbox 1447 3404 1629 3477; x_wconf 74' lang='lat' dir='ltr'>emittitur.</span> <span class='ocrx_word' id='word_1_452' title='bbox 1644 3401 1754 3475; x_wconf 79' lang='lat' dir='ltr'>xxxin),</span> 
     </span>
     <span class='ocr_line' id='line_1_38' title="bbox 135 3494 1756 3568; baseline -0.002 -14"><span class='ocrx_word' id='word_1_453' title='bbox 135 3496 275 3568; x_wconf 82' lang='lat' dir='ltr'>superiore</span> <span class='ocrx_word' id='word_1_454' title='bbox 286 3506 422 3553; x_wconf 82' lang='lat' dir='ltr'>consentu</span> <span class='ocrx_word' id='word_1_455' title='bbox 434 3496 552 3552; x_wconf 86' lang='lat' dir='ltr'>oblatum</span> <span class='ocrx_word' id='word_1_456' title='bbox 567 3494 669 3550; x_wconf 87' lang='lat' dir='ltr'>nobisa</span> <span class='ocrx_word' id='word_1_457' title='bbox 683 3494 785 3550; x_wconf 85' lang='lat' dir='ltr'>iliseuo</span> <span class='ocrx_word' id='word_1_458' title='bbox 801 3495 918 3551; x_wconf 85' lang='lat' dir='ltr'>libellum</span> <span class='ocrx_word' id='word_1_459' title='bbox 970 3508 1018 3550; x_wconf 88' lang='lat' dir='ltr'>ros</span> <span class='ocrx_word' id='word_1_460' title='bbox 1033 3496 1121 3565; x_wconf 89' lang='lat' dir='ltr'>potius</span> <span class='ocrx_word' id='word_1_461' title='bbox 1141 3505 1236 3551; x_wconf 89' lang='lat' dir='ltr'>cuncta</span> <span class='ocrx_word' id='word_1_462' title='bbox 1260 3511 1320 3565; x_wconf 79' lang='lat' dir='ltr'>quae</span> <span class='ocrx_word' id='word_1_463' title='bbox 1344 3497 1370 3551; x_wconf 92' lang='lat' dir='ltr'>in</span> <span class='ocrx_word' id='word_1_464' title='bbox 1393 3510 1506 3565; x_wconf 90' lang='lat' dir='ltr'>persona</span> <span class='ocrx_word' id='word_1_465' title='bbox 1523 3511 1581 3553; x_wconf 84' lang='lat' dir='ltr'>mea</span> <span class='ocrx_word' id='word_1_466' title='bbox 1594 3504 1668 3566; x_wconf 80' lang='lat' dir='ltr'>yesta</span> <span class='ocrx_word' id='word_1_467' title='bbox 1693 3504 1756 3552; x_wconf 86' lang='lat' dir='ltr'>suot</span> 
     </span>
     <span class='ocr_line' id='line_1_39' title="bbox 136 3582 1756 3659; baseline 0.001 -16"><span class='ocrx_word' id='word_1_468' title='bbox 136 3587 164 3643; x_wconf 85' lang='lat' dir='ltr'>iu</span> <span class='ocrx_word' id='word_1_469' title='bbox 178 3592 324 3655; x_wconf 86' lang='lat' dir='ltr'>conspecto</span> <span class='ocrx_word' id='word_1_470' title='bbox 338 3595 428 3640; x_wconf 85' lang='lat' dir='ltr'>restro</span> <span class='ocrx_word' id='word_1_471' title='bbox 442 3582 524 3640; x_wconf 81' lang='lat' dir='ltr'>lmese</span> <span class='ocrx_word' id='word_1_472' title='bbox 538 3583 696 3649; x_wconf 87' lang='lat' dir='ltr'>recitatum;</span> <span class='ocrx_word' id='word_1_473' title='bbox 711 3583 783 3641; x_wconf 84' lang='lat' dir='ltr'>hunc</span> <span class='ocrx_word' id='word_1_474' title='bbox 795 3582 919 3640; x_wconf 90' lang='lat' dir='ltr'>eumdem</span> <span class='ocrx_word' id='word_1_475' title='bbox 971 3586 1085 3658; x_wconf 77' lang='lat' dir='ltr'>benigna</span> <span class='ocrx_word' id='word_1_476' title='bbox 1096 3586 1311 3643; x_wconf 82' lang='lat' dir='ltr'>consideratione</span> <span class='ocrx_word' id='word_1_477' title='bbox 1325 3588 1456 3644; x_wconf 80' lang='lat' dir='ltr'>librantes</span> <span class='ocrx_word' id='word_1_478' title='bbox 1483 3586 1532 3659; x_wconf 80' lang='lat' dir='ltr'>[nl.</span> <span class='ocrx_word' id='word_1_479' title='bbox 1553 3584 1756 3658; x_wconf 78' lang='lat' dir='ltr'>deliberantesl.</span> 
     </span>
     <span class='ocr_line' id='line_1_40' title="bbox 135 3648 1757 3747; baseline -0.001 -15"><span class='ocrx_word' id='word_1_480' title='bbox 135 3675 158 3733; x_wconf 90' lang='lat' dir='ltr'>si</span> <span class='ocrx_word' id='word_1_481' title='bbox 172 3657 260 3746; x_wconf 78' lang='lat' dir='ltr'>piacet</span> <span class='ocrx_word' id='word_1_482' title='bbox 280 3673 416 3735; x_wconf 86' lang='lat' dir='ltr'>dilectioni</span> <span class='ocrx_word' id='word_1_483' title='bbox 430 3683 536 3740; x_wconf 80' lang='lat' dir='ltr'>vestre,</span> <span class='ocrx_word' id='word_1_484' title='bbox 560 3671 649 3728; x_wconf 90' lang='lat' dir='ltr'>denno</span> <span class='ocrx_word' id='word_1_485' title='bbox 674 3648 878 3741; x_wconf 65' lang='lat' dir='ltr'>recensendum,</span> <span class='ocrx_word' id='word_1_486' title='bbox 891 3681 921 3730; x_wconf 89' lang='lat' dir='ltr'>ut</span> <span class='ocrx_word' id='word_1_487' title='bbox 971 3677 1096 3734; x_wconf 86' lang='lat' dir='ltr'>viaticum</span> <span class='ocrx_word' id='word_1_488' title='bbox 1111 3677 1169 3733; x_wconf 87' lang='lat' dir='ltr'>seni</span> <span class='ocrx_word' id='word_1_489' title='bbox 1184 3676 1195 3708; x_wconf 76' lang='lat'>⁸</span> <span class='ocrx_word' id='word_1_490' title='bbox 1209 3677 1366 3747; x_wconf 72' lang='lat' dir='ltr'>egritudine</span> <span class='ocrx_word' id='word_1_491' title='bbox 1380 3686 1408 3732; x_wconf 88' lang='lat' dir='ltr'>et</span> <span class='ocrx_word' id='word_1_492' title='bbox 1427 3677 1552 3732; x_wconf 88' lang='lat' dir='ltr'>continua</span> <span class='ocrx_word' id='word_1_493' title='bbox 1575 3677 1757 3732; x_wconf 82' lang='lat' dir='ltr'>maceratione</span> 
     </span>
     <span class='ocr_line' id='line_1_41' title="bbox 135 3762 1757 3840; baseline -0.001 -17"><span class='ocrx_word' id='word_1_494' title='bbox 135 3774 297 3823; x_wconf 88' lang='lat' dir='ltr'>actanostra</span> <span class='ocrx_word' id='word_1_495' title='bbox 312 3765 478 3822; x_wconf 87' lang='lat' dir='ltr'>contineant.</span> <span class='ocrx_word' id='word_1_496' title='bbox 493 3765 601 3835; x_wconf 75' lang='lat' dir='ltr'>Etonia</span> <span class='ocrx_word' id='word_1_497' title='bbox 616 3762 731 3821; x_wconf 78' lang='lat' dir='ltr'>aliudue</span> <span class='ocrx_word' id='word_1_498' title='bbox 749 3779 918 3837; x_wconf 75' lang='lat' dir='ltr'>nuoouepe·</span> <span class='ocrx_word' id='word_1_499' title='bbox 972 3778 1142 3840; x_wconf 85' lang='lat' dir='ltr'>consumpto,</span> <span class='ocrx_word' id='word_1_500' title='bbox 1163 3783 1197 3825; x_wconf 89' lang='lat' dir='ltr'>ne</span> <span class='ocrx_word' id='word_1_501' title='bbox 1218 3768 1275 3824; x_wconf 89' lang='lat' dir='ltr'>sine</span> <span class='ocrx_word' id='word_1_502' title='bbox 1291 3768 1472 3824; x_wconf 86' lang='lat' dir='ltr'>ecclesiastica</span> <span class='ocrx_word' id='word_1_503' title='bbox 1499 3767 1686 3823; x_wconf 81' lang='lat' dir='ltr'>conmunione</span> <span class='ocrx_word' id='word_1_504' title='bbox 1712 3779 1757 3821; x_wconf 88' lang='lat' dir='ltr'>ra·</span> 
     </span>
     <span class='ocr_line' id='line_1_42' title="bbox 135 3836 1756 3929; baseline -0.002 -17"><span class='ocrx_word' id='word_1_505' title='bbox 135 3855 255 3912; x_wconf 83' lang='lat' dir='ltr'>litorium</span> <span class='ocrx_word' id='word_1_506' title='bbox 270 3869 327 3927; x_wconf 79' lang='lat' dir='ltr'>praa</span> <span class='ocrx_word' id='word_1_507' title='bbox 340 3853 464 3910; x_wconf 83' lang='lat' dir='ltr'>manibus</span> <span class='ocrx_word' id='word_1_508' title='bbox 479 3853 578 3910; x_wconf 86' lang='lat' dir='ltr'>habere</span> <span class='ocrx_word' id='word_1_509' title='bbox 593 3853 740 3925; x_wconf 76' lang='lat' dir='ltr'>profitetur,</span> <span class='ocrx_word' id='word_1_510' title='bbox 759 3854 823 3923; x_wconf 84' lang='lat' dir='ltr'>quid</span> <span class='ocrx_word' id='word_1_511' title='bbox 839 3836 955 3912; x_wconf 80' lang='lat' dir='ltr'>etiamG</span> <span class='ocrx_word' id='word_1_512' title='bbox 972 3859 1041 3929; x_wconf 89' lang='lat' dir='ltr'>piar,</span> <span class='ocrx_word' id='word_1_513' title='bbox 1067 3872 1120 3914; x_wconf 90' lang='lat' dir='ltr'>non</span> <span class='ocrx_word' id='word_1_514' title='bbox 1143 3858 1245 3929; x_wconf 76' lang='lat' dir='ltr'>negetis</span> <span class='ocrx_word' id='word_1_515' title='bbox 1259 3873 1292 3914; x_wconf 84' lang='lat' dir='ltr'>ex</span> <span class='ocrx_word' id='word_1_516' title='bbox 1319 3858 1430 3913; x_wconf 89' lang='lat' dir='ltr'>alterius</span> <span class='ocrx_word' id='word_1_517' title='bbox 1453 3871 1518 3912; x_wconf 91' lang='lat' dir='ltr'>casu</span> <span class='ocrx_word' id='word_1_518' title='bbox 1543 3855 1756 3927; x_wconf 81' lang='lat' dir='ltr'>experimentum</span> 
     </span>
     <span class='ocr_line' id='line_1_43' title="bbox 135 3945 1757 4018; baseline -0.004 -11"><span class='ocrx_word' id='word_1_519' title='bbox 135 3947 229 4007; x_wconf 78' lang='grc' dir='ltr'>ἰιιΙιοο</span> <span class='ocrx_word' id='word_1_520' title='bbox 240 3947 420 4011; x_wconf 84' lang='lat' dir='ltr'>contineatm.</span> <span class='ocrx_word' id='word_1_521' title='bbox 435 3946 734 4018; x_wconf 76' lang='lat' dir='ltr'>possimusapnoscere.</span> <span class='ocrx_word' id='word_1_522' title='bbox 758 3945 793 4002; x_wconf 85' lang='lat' dir='ltr'>Et</span> <span class='ocrx_word' id='word_1_523' title='bbox 803 3945 918 4018; x_wconf 83' lang='lat' dir='ltr'>adjecit:</span> <span class='ocrx_word' id='word_1_524' title='bbox 971 3965 1039 4007; x_wconf 83' lang='lat' dir='ltr'>meae</span> <span class='ocrx_word' id='word_1_525' title='bbox 1054 3949 1202 4005; x_wconf 86' lang='lat' dir='ltr'>ioroiidinis</span> <span class='ocrx_word' id='word_1_526' title='bbox 1217 3951 1341 4005; x_wconf 81' lang='lat' dir='ltr'>intuens:</span> <span class='ocrx_word' id='word_1_527' title='bbox 1362 3949 1405 4018; x_wconf 83' lang='lat' dir='ltr'>qtri</span> <span class='ocrx_word' id='word_1_528' title='bbox 1420 3946 1558 4015; x_wconf 81' lang='lat' dir='ltr'>auxilinm,</span> <span class='ocrx_word' id='word_1_529' title='bbox 1579 3948 1660 4004; x_wconf 89' lang='lat' dir='ltr'>etiam</span> <span class='ocrx_word' id='word_1_530' title='bbox 1681 3945 1757 4001; x_wconf 85' lang='lat' dir='ltr'>robis</span> 
     </span>
    </p>
   </div>
   <div class='ocr_carea' id='block_1_7' title="bbox 130 4097 1760 5009">
    <p class='ocr_par' dir='ltr' id='par_1_8' title="bbox 130 4097 1760 5009">
     <span class='ocr_line' id='line_1_44' title="bbox 169 4097 1757 4176; baseline 0.004 -20"><span class='ocrx_word' id='word_1_531' title='bbox 169 4104 183 4132; x_wconf 84' lang='lat'><strong>¹</strong></span> <span class='ocrx_word' id='word_1_532' title='bbox 195 4101 261 4156; x_wconf 87' lang='lat' dir='ltr'>Cum</span> <span class='ocrx_word' id='word_1_533' title='bbox 280 4097 375 4154; x_wconf 77' lang='lat' dir='ltr'>vitalis</span> <span class='ocrx_word' id='word_1_534' title='bbox 387 4098 542 4155; x_wconf 85' lang='lat' dir='ltr'>etliliseuus</span> <span class='ocrx_word' id='word_1_535' title='bbox 561 4098 717 4169; x_wconf 73' lang='lat' dir='ltr'>apostolica</span> <span class='ocrx_word' id='word_1_536' title='bbox 738 4099 810 4156; x_wconf 85' lang='lat' dir='ltr'>sedis</span> <span class='ocrx_word' id='word_1_537' title='bbox 828 4100 920 4173; x_wconf 72' lang='lat' dir='ltr'>lopati,</span> <span class='ocrx_word' id='word_1_538' title='bbox 971 4111 1026 4157; x_wconf 89' lang='lat' dir='ltr'>tum</span> <span class='ocrx_word' id='word_1_539' title='bbox 1045 4113 1086 4159; x_wconf 85' lang='lat' dir='ltr'>est</span> <span class='ocrx_word' id='word_1_540' title='bbox 1104 4102 1154 4160; x_wconf 88' lang='lat' dir='ltr'>hoc</span> <span class='ocrx_word' id='word_1_541' title='bbox 1179 4103 1308 4176; x_wconf 79' lang='lat' dir='ltr'>synodale</span> <span class='ocrx_word' id='word_1_542' title='bbox 1326 4103 1455 4174; x_wconf 83' lang='lat' dir='ltr'>judicium</span> <span class='ocrx_word' id='word_1_543' title='bbox 1485 4105 1512 4160; x_wconf 89' lang='lat' dir='ltr'>in</span> <span class='ocrx_word' id='word_1_544' title='bbox 1535 4104 1644 4161; x_wconf 86' lang='lat' dir='ltr'>basilica</span> <span class='ocrx_word' id='word_1_545' title='bbox 1664 4105 1757 4163; x_wconf 82' lang='lat' dir='ltr'>Sancti</span> 
     </span>
     <span class='ocr_line' id='line_1_45' title="bbox 133 4169 1758 4240; baseline 0.004 -15"><span class='ocrx_word' id='word_1_546' title='bbox 133 4185 181 4240; x_wconf 88' lang='lat' dir='ltr'>per</span> <span class='ocrx_word' id='word_1_547' title='bbox 194 4171 328 4228; x_wconf 82' lang='lat' dir='ltr'>Zenonem</span> <span class='ocrx_word' id='word_1_548' title='bbox 344 4170 533 4240; x_wconf 86' lang='lat' dir='ltr'>imperatorem</span> <span class='ocrx_word' id='word_1_549' title='bbox 548 4169 647 4225; x_wconf 89' lang='lat' dir='ltr'>inducti</span> <span class='ocrx_word' id='word_1_550' title='bbox 661 4170 758 4226; x_wconf 81' lang='lat' dir='ltr'>dencio</span> <span class='ocrx_word' id='word_1_551' title='bbox 772 4171 921 4227; x_wconf 91' lang='lat' dir='ltr'>communi·</span> <span class='ocrx_word' id='word_1_552' title='bbox 971 4172 1053 4237; x_wconf 82' lang='lat' dir='ltr'>Petri,</span> <span class='ocrx_word' id='word_1_553' title='bbox 1069 4188 1138 4229; x_wconf 89' lang='lat' dir='ltr'>anno</span> <span class='ocrx_word' id='word_1_554' title='bbox 1151 4173 1249 4228; x_wconf 82' lang='lat' dir='ltr'>Christi</span> <span class='ocrx_word' id='word_1_555' title='bbox 1264 4171 1329 4238; x_wconf 69' lang='lat' dir='ltr'>tii,</span> <span class='ocrx_word' id='word_1_556' title='bbox 1346 4172 1424 4228; x_wconf 89' lang='lat' dir='ltr'>tertio</span> <span class='ocrx_word' id='word_1_557' title='bbox 1441 4172 1500 4228; x_wconf 88' lang='lat' dir='ltr'>idus</span> <span class='ocrx_word' id='word_1_558' title='bbox 1514 4174 1586 4239; x_wconf 78' lang='lat' dir='ltr'>Maii,</span> <span class='ocrx_word' id='word_1_559' title='bbox 1599 4175 1650 4231; x_wconf 81' lang='lat' dir='ltr'>suls</span> <span class='ocrx_word' id='word_1_560' title='bbox 1661 4189 1758 4231; x_wconf 87' lang='lat' dir='ltr'>constr·</span> 
     </span>
     <span class='ocr_line' id='line_1_46' title="bbox 132 4239 1758 4313; baseline 0.003 -17"><span class='ocrx_word' id='word_1_561' title='bbox 132 4248 249 4305; x_wconf 71' lang='lat' dir='ltr'>masena,</span> <span class='ocrx_word' id='word_1_562' title='bbox 268 4249 297 4297; x_wconf 87' lang='lat' dir='ltr'>et</span> <span class='ocrx_word' id='word_1_563' title='bbox 308 4240 379 4295; x_wconf 84' lang='lat' dir='ltr'>Petri</span> <span class='ocrx_word' id='word_1_564' title='bbox 394 4239 478 4310; x_wconf 74' lang='lat' dir='ltr'>ilogyi</span> <span class='ocrx_word' id='word_1_565' title='bbox 498 4240 685 4296; x_wconf 70' lang='lat' dir='ltr'>alexandrine</span> <span class='ocrx_word' id='word_1_566' title='bbox 698 4240 824 4295; x_wconf 71' lang='lat' dir='ltr'>luciariae</span> <span class='ocrx_word' id='word_1_567' title='bbox 845 4240 921 4296; x_wconf 88' lang='lat' dir='ltr'>inra·</span> <span class='ocrx_word' id='word_1_568' title='bbox 970 4242 1026 4296; x_wconf 89' lang='lat' dir='ltr'>latn</span> <span class='ocrx_word' id='word_1_569' title='bbox 1041 4243 1090 4298; x_wconf 86' lang='lat' dir='ltr'>viri</span> <span class='ocrx_word' id='word_1_570' title='bbox 1105 4242 1246 4298; x_wconf 86' lang='lat' dir='ltr'>clarissimi</span> <span class='ocrx_word' id='word_1_571' title='bbox 1260 4243 1341 4297; x_wconf 79' lang='lat' dir='ltr'>Flavii</span> <span class='ocrx_word' id='word_1_572' title='bbox 1352 4242 1478 4309; x_wconf 78' lang='lat' dir='ltr'>Victoris,</span> <span class='ocrx_word' id='word_1_573' title='bbox 1496 4244 1541 4313; x_wconf 80' lang='lat' dir='ltr'>oui</span> <span class='ocrx_word' id='word_1_574' title='bbox 1560 4252 1604 4299; x_wconf 90' lang='lat' dir='ltr'>est</span> <span class='ocrx_word' id='word_1_575' title='bbox 1622 4243 1721 4301; x_wconf 86' lang='lat' dir='ltr'>Gelasii</span> <span class='ocrx_word' id='word_1_576' title='bbox 1741 4247 1758 4301; x_wconf 80' lang='lat' dir='ltr'>d</span> 
     </span>
     <span class='ocr_line' id='line_1_47' title="bbox 131 4308 1758 4382; baseline 0.002 -17"><span class='ocrx_word' id='word_1_577' title='bbox 131 4310 202 4365; x_wconf 85' lang='lat' dir='ltr'>soris</span> <span class='ocrx_word' id='word_1_578' title='bbox 224 4323 324 4365; x_wconf 88' lang='lat' dir='ltr'>nomeu</span> <span class='ocrx_word' id='word_1_579' title='bbox 340 4310 368 4363; x_wconf 89' lang='lat' dir='ltr'>in</span> <span class='ocrx_word' id='word_1_580' title='bbox 385 4308 519 4380; x_wconf 80' lang='lat' dir='ltr'>diptyelris</span> <span class='ocrx_word' id='word_1_581' title='bbox 538 4308 642 4378; x_wconf 86' lang='lat' dir='ltr'>publice</span> <span class='ocrx_word' id='word_1_582' title='bbox 662 4309 769 4366; x_wconf 86' lang='lat' dir='ltr'>recitari</span> <span class='ocrx_word' id='word_1_583' title='bbox 782 4309 840 4365; x_wconf 87' lang='lat' dir='ltr'>sine</span> <span class='ocrx_word' id='word_1_584' title='bbox 852 4324 919 4366; x_wconf 88' lang='lat' dir='ltr'>ooo·</span> <span class='ocrx_word' id='word_1_585' title='bbox 970 4318 998 4366; x_wconf 91' lang='lat' dir='ltr'>et</span> <span class='ocrx_word' id='word_1_586' title='bbox 1012 4311 1147 4368; x_wconf 77' lang='lat' dir='ltr'>anastasii</span> <span class='ocrx_word' id='word_1_587' title='bbox 1167 4311 1338 4382; x_wconf 88' lang='lat' dir='ltr'>imperatoris</span> <span class='ocrx_word' id='word_1_588' title='bbox 1356 4325 1441 4366; x_wconf 87' lang='lat' dir='ltr'>annus</span> <span class='ocrx_word' id='word_1_589' title='bbox 1456 4312 1560 4380; x_wconf 85' lang='lat' dir='ltr'>imperii</span> <span class='ocrx_word' id='word_1_590' title='bbox 1575 4315 1602 4370; x_wconf 83' lang='lat'>5.</span> <span class='ocrx_word' id='word_1_591' title='bbox 1628 4315 1695 4370; x_wconf 82' lang='lat' dir='ltr'>dcta</span> <span class='ocrx_word' id='word_1_592' title='bbox 1709 4312 1758 4370; x_wconf 83' lang='lat' dir='ltr'>ltu·</span> 
     </span>
     <span class='ocr_line' id='line_1_48' title="bbox 131 4376 1758 4452; baseline 0.006 -21"><span class='ocrx_word' id='word_1_593' title='bbox 131 4378 289 4436; x_wconf 80' lang='lat' dir='ltr'>usdictione</span> <span class='ocrx_word' id='word_1_594' title='bbox 313 4377 502 4439; x_wconf 69' lang='lat' dir='ltr'>audiissent,</span> <span class='ocrx_word' id='word_1_595' title='bbox 533 4376 648 4446; x_wconf 73' lang='lat' dir='ltr'>ideoque</span> <span class='ocrx_word' id='word_1_596' title='bbox 680 4379 752 4447; x_wconf 87' lang='lat' dir='ltr'>justo</span> <span class='ocrx_word' id='word_1_597' title='bbox 777 4378 878 4447; x_wconf 81' lang='lat' dir='ltr'>jndicio</span> <span class='ocrx_word' id='word_1_598' title='bbox 903 4395 917 4433; x_wconf 89' lang='lat' dir='ltr'>a</span> <span class='ocrx_word' id='word_1_599' title='bbox 969 4381 1014 4449; x_wconf 79' lang='lat' dir='ltr'>ius</span> <span class='ocrx_word' id='word_1_600' title='bbox 1028 4381 1135 4438; x_wconf 90' lang='lat' dir='ltr'>concilii</span> <span class='ocrx_word' id='word_1_601' title='bbox 1159 4397 1208 4451; x_wconf 91' lang='lat' dir='ltr'>per</span> <span class='ocrx_word' id='word_1_602' title='bbox 1229 4381 1384 4452; x_wconf 82' lang='lat' dir='ltr'>Dionysium</span> <span class='ocrx_word' id='word_1_603' title='bbox 1406 4382 1535 4452; x_wconf 72' lang='lat' dir='ltr'>Exiguum</span> <span class='ocrx_word' id='word_1_604' title='bbox 1553 4384 1681 4439; x_wconf 87' lang='lat' dir='ltr'>translata</span> <span class='ocrx_word' id='word_1_605' title='bbox 1700 4383 1758 4442; x_wconf 90' lang='lat' dir='ltr'>loe·</span> 
     </span>
     <span class='ocr_line' id='line_1_49' title="bbox 132 4445 1757 4528; baseline 0.004 -25"><span class='ocrx_word' id='word_1_606' title='bbox 132 4447 223 4528; x_wconf 73' lang='lat' dir='ltr'>Felice</span> <span class='ocrx_word' id='word_1_607' title='bbox 231 4461 298 4516; x_wconf 84' lang='lat' dir='ltr'>papa</span> <span class='ocrx_word' id='word_1_608' title='bbox 313 4446 341 4501; x_wconf 90' lang='lat' dir='ltr'>ln</span> <span class='ocrx_word' id='word_1_609' title='bbox 356 4446 476 4518; x_wconf 76' lang='lat' dir='ltr'>synodali</span> <span class='ocrx_word' id='word_1_610' title='bbox 499 4445 606 4501; x_wconf 78' lang='lat' dir='ltr'>Parrum</span> <span class='ocrx_word' id='word_1_611' title='bbox 621 4462 749 4502; x_wconf 84' lang='lat' dir='ltr'>consessu</span> <span class='ocrx_word' id='word_1_612' title='bbox 766 4462 919 4505; x_wconf 79' lang='lat' dir='ltr'>excommu·</span> <span class='ocrx_word' id='word_1_613' title='bbox 970 4459 1042 4507; x_wconf 91' lang='lat' dir='ltr'>runt.</span> <span class='ocrx_word' id='word_1_614' title='bbox 1059 4451 1096 4506; x_wconf 86' lang='lat' dir='ltr'>Ea</span> <span class='ocrx_word' id='word_1_615' title='bbox 1111 4466 1170 4523; x_wconf 84' lang='lat' dir='ltr'>qnae</span> <span class='ocrx_word' id='word_1_616' title='bbox 1186 4466 1220 4507; x_wconf 84' lang='lat' dir='ltr'>ex</span> <span class='ocrx_word' id='word_1_617' title='bbox 1235 4451 1362 4508; x_wconf 74' lang='lat' dir='ltr'>Vaticana</span> <span class='ocrx_word' id='word_1_618' title='bbox 1375 4450 1537 4508; x_wconf 81' lang='lat' dir='ltr'>bibliotheca</span> <span class='ocrx_word' id='word_1_619' title='bbox 1557 4462 1667 4521; x_wconf 88' lang='lat' dir='ltr'>accepta</span> <span class='ocrx_word' id='word_1_620' title='bbox 1682 4464 1757 4525; x_wconf 83' lang='lat' dir='ltr'>eunt,</span> 
     </span>
     <span class='ocr_line' id='line_1_50' title="bbox 130 4516 1758 4642; baseline 0.005 -70"><span class='ocrx_word' id='word_1_621' title='bbox 130 4524 212 4572; x_wconf 84' lang='lat' dir='ltr'>utcau</span> <span class='ocrx_word' id='word_1_622' title='bbox 231 4518 366 4579; x_wconf 71' lang='lat' dir='ltr'>luisseote</span> <span class='ocrx_word' id='word_1_623' title='bbox 394 4516 501 4596; x_wconf 77' lang='lat' dir='ltr'>tandem</span> <span class='ocrx_word' id='word_1_624' title='bbox 526 4517 773 4598; x_wconf 76' lang='lat' dir='ltr'>postinterralium</span> <span class='ocrx_word' id='word_1_625' title='bbox 791 4518 914 4601; x_wconf 76' lang='lat' dir='ltr'>undecim</span> <span class='ocrx_word' id='word_1_626' title='bbox 970 4529 1051 4601; x_wconf 79' lang='lat' dir='ltr'>atoue¹</span> <span class='ocrx_word' id='word_1_627' title='bbox 1066 4521 1213 4602; x_wconf 87' lang='lat' dir='ltr'>etiamnum</span> <span class='ocrx_word' id='word_1_628' title='bbox 1235 4519 1331 4576; x_wconf 91' lang='lat' dir='ltr'>tomol</span> <span class='ocrx_word' id='word_1_629' title='bbox 1352 4521 1464 4642; x_wconf 55' lang='lat' dir='ltr'>Epistol.</span> <span class='ocrx_word' id='word_1_630' title='bbox 1484 4523 1578 4592; x_wconf 90' lang='lat' dir='ltr'>pontii.</span> <span class='ocrx_word' id='word_1_631' title='bbox 1599 4523 1758 4590; x_wconf 83' lang='lat' dir='ltr'>recitantur,</span> 
     </span>
     <span class='ocr_line' id='line_1_51' title="bbox 130 4583 1759 4736; baseline 0.007 -28"><span class='ocrx_word' id='word_1_632' title='bbox 130 4599 298 4734; x_wconf 64' lang='lat' dir='ltr'>diliis,</span> <span class='ocrx_word' id='word_1_633' title='bbox 313 4593 429 4710; x_wconf 67' lang='lat' dir='ltr'>lilii}</span> <span class='ocrx_word' id='word_1_634' title='bbox 443 4583 917 4736; x_wconf 70' lang='lat' dir='ltr'>,l¹.i¹ti.l&#39;¹.eid⁰3¹tt⁰itlli</span> <span class='ocrx_word' id='word_1_635' title='bbox 970 4589 1759 4729; x_wconf 60' lang='lat' dir='ltr'>ltlllilii&#39;liiiiiiiieelsitudini</span> 
     </span>
     <span class='ocr_line' id='line_1_52' title="bbox 131 4722 1760 4802; baseline 0.006 -23"><span class='ocrx_word' id='word_1_636' title='bbox 131 4722 235 4802; x_wconf 55' lang='lat' dir='ltr'>redime</span> <span class='ocrx_word' id='word_1_637' title='bbox 254 4738 384 4793; x_wconf 77' lang='lat' dir='ltr'>suamque</span> <span class='ocrx_word' id='word_1_638' title='bbox 402 4723 528 4778; x_wconf 83' lang='lat' dir='ltr'>delictum</span> <span class='ocrx_word' id='word_1_639' title='bbox 541 4723 684 4790; x_wconf 89' lang='lat' dir='ltr'>plurimum</span> <span class='ocrx_word' id='word_1_640' title='bbox 702 4724 864 4791; x_wconf 74' lang='lat' dir='ltr'>deleamus,</span> <span class='ocrx_word' id='word_1_641' title='bbox 883 4725 916 4780; x_wconf 91' lang='lat' dir='ltr'>ad</span> <span class='ocrx_word' id='word_1_642' title='bbox 970 4726 1035 4784; x_wconf 87' lang='lat' dir='ltr'>lesu</span> <span class='ocrx_word' id='word_1_643' title='bbox 1047 4727 1225 4795; x_wconf 90' lang='lat' dir='ltr'>prolessorem</span> <span class='ocrx_word' id='word_1_644' title='bbox 1244 4728 1328 4784; x_wconf 88' lang='lat' dir='ltr'>edidit</span> <span class='ocrx_word' id='word_1_645' title='bbox 1345 4730 1539 4786; x_wconf 84' lang='lat' dir='ltr'>illustrissimus</span> <span class='ocrx_word' id='word_1_646' title='bbox 1549 4730 1694 4787; x_wconf 87' lang='lat' dir='ltr'>cardinalis</span> <span class='ocrx_word' id='word_1_647' title='bbox 1708 4732 1760 4789; x_wconf 82' lang='lat' dir='ltr'>lia·</span> 
     </span>
     <span class='ocr_line' id='line_1_53' title="bbox 132 4792 1758 4872; baseline 0.01 -31"><span class='ocrx_word' id='word_1_648' title='bbox 132 4793 315 4872; x_wconf 78' lang='lat' dir='ltr'>paenitentiam</span> <span class='ocrx_word' id='word_1_649' title='bbox 328 4801 354 4847; x_wconf 88' lang='lat' dir='ltr'>at</span> <span class='ocrx_word' id='word_1_650' title='bbox 374 4792 502 4848; x_wconf 78' lang='lat' dir='ltr'>Ecclesiae</span> <span class='ocrx_word' id='word_1_651' title='bbox 519 4793 646 4847; x_wconf 91' lang='lat' dir='ltr'>unitatem</span> <span class='ocrx_word' id='word_1_652' title='bbox 661 4792 743 4862; x_wconf 89' lang='lat' dir='ltr'>recipi</span> <span class='ocrx_word' id='word_1_653' title='bbox 762 4795 915 4862; x_wconf 86' lang='lat' dir='ltr'>postularit.</span> <span class='ocrx_word' id='word_1_654' title='bbox 971 4797 1074 4861; x_wconf 91' lang='lat' dir='ltr'>ronius,</span> <span class='ocrx_word' id='word_1_655' title='bbox 1087 4813 1158 4853; x_wconf 89' lang='lat' dir='ltr'>anno</span> <span class='ocrx_word' id='word_1_656' title='bbox 1176 4797 1247 4862; x_wconf 75' lang='lat' dir='ltr'>tes,</span> <span class='ocrx_word' id='word_1_657' title='bbox 1270 4799 1413 4868; x_wconf 75' lang='lat' dir='ltr'>integriora</span> <span class='ocrx_word' id='word_1_658' title='bbox 1431 4808 1538 4856; x_wconf 90' lang='lat' dir='ltr'>suntet</span> <span class='ocrx_word' id='word_1_659' title='bbox 1557 4801 1641 4870; x_wconf 77' lang='lat' dir='ltr'>magis</span> <span class='ocrx_word' id='word_1_660' title='bbox 1663 4815 1758 4858; x_wconf 88' lang='lat' dir='ltr'>emen·</span> 
     </span>
     <span class='ocr_line' id='line_1_54' title="bbox 131 4861 1758 4940; baseline 0.007 -24"><span class='ocrx_word' id='word_1_661' title='bbox 131 4861 234 4916; x_wconf 83' lang='lat' dir='ltr'>ittiltoto</span> <span class='ocrx_word' id='word_1_662' title='bbox 256 4861 337 4930; x_wconf 71' lang='lat' dir='ltr'>igitur</span> <span class='ocrx_word' id='word_1_663' title='bbox 359 4861 408 4918; x_wconf 89' lang='lat' dir='ltr'>ltac</span> <span class='ocrx_word' id='word_1_664' title='bbox 428 4861 462 4918; x_wconf 89' lang='lat' dir='ltr'>de</span> <span class='ocrx_word' id='word_1_665' title='bbox 485 4874 565 4916; x_wconf 87' lang='lat' dir='ltr'>causa</span> <span class='ocrx_word' id='word_1_666' title='bbox 591 4861 723 4931; x_wconf 91' lang='lat' dir='ltr'>concillo,</span> <span class='ocrx_word' id='word_1_667' title='bbox 749 4871 812 4932; x_wconf 83' lang='lat' dir='ltr'>post</span> <span class='ocrx_word' id='word_1_668' title='bbox 827 4878 916 4920; x_wconf 74' lang='lat' dir='ltr'>cause</span> <span class='ocrx_word' id='word_1_669' title='bbox 971 4865 1044 4922; x_wconf 88' lang='lat' dir='ltr'>data.</span> <span class='ocrx_word' id='word_1_670' title='bbox 1059 4867 1124 4935; x_wconf 84' lang='lat' dir='ltr'>Qute</span> <span class='ocrx_word' id='word_1_671' title='bbox 1137 4867 1258 4923; x_wconf 83' lang='lat' dir='ltr'>Romano</span> <span class='ocrx_word' id='word_1_672' title='bbox 1268 4867 1419 4936; x_wconf 79' lang='lat' dir='ltr'>exemplari</span> <span class='ocrx_word' id='word_1_673' title='bbox 1438 4868 1546 4934; x_wconf 83' lang='lat' dir='ltr'>collata,</span> <span class='ocrx_word' id='word_1_674' title='bbox 1570 4871 1595 4924; x_wconf 92' lang='lat' dir='ltr'>in</span> <span class='ocrx_word' id='word_1_675' title='bbox 1615 4872 1758 4940; x_wconf 87' lang='lat' dir='ltr'>pristinum</span> 
     </span>
     <span class='ocr_line' id='line_1_55' title="bbox 131 4929 1760 5009; baseline 0.007 -25"><span class='ocrx_word' id='word_1_676' title='bbox 131 4929 310 4999; x_wconf 71' lang='lat' dir='ltr'>cognitionem</span> <span class='ocrx_word' id='word_1_677' title='bbox 329 4944 425 5002; x_wconf 72' lang='lat' dir='ltr'>magno</span> <span class='ocrx_word' id='word_1_678' title='bbox 442 4931 561 4986; x_wconf 83' lang='lat' dir='ltr'>omnium</span> <span class='ocrx_word' id='word_1_679' title='bbox 581 4931 709 5001; x_wconf 87' lang='lat' dir='ltr'>applausu</span> <span class='ocrx_word' id='word_1_680' title='bbox 734 4931 852 4988; x_wconf 86' lang='lat' dir='ltr'>humeris</span> <span class='ocrx_word' id='word_1_681' title='bbox 871 4948 918 5003; x_wconf 87' lang='lat' dir='ltr'>pa·</span> <span class='ocrx_word' id='word_1_682' title='bbox 969 4936 1030 4992; x_wconf 90' lang='lat' dir='ltr'>lere</span> <span class='ocrx_word' id='word_1_683' title='bbox 1044 4936 1189 4993; x_wconf 88' lang='lat' dir='ltr'>candorem</span> <span class='ocrx_word' id='word_1_684' title='bbox 1201 4937 1311 4993; x_wconf 89' lang='lat' dir='ltr'>omuino</span> <span class='ocrx_word' id='word_1_685' title='bbox 1324 4937 1456 5006; x_wconf 90' lang='lat' dir='ltr'>restituta,</span> <span class='ocrx_word' id='word_1_686' title='bbox 1468 4938 1510 4994; x_wconf 76' lang='lat' dir='ltr'>ltin·</span> <span class='ocrx_word' id='word_1_687' title='bbox 1527 4939 1596 4995; x_wconf 84' lang='lat' dir='ltr'>inito</span> <span class='ocrx_word' id='word_1_688' title='bbox 1611 4949 1760 5009; x_wconf 87' lang='lat' dir='ltr'>postttotas</span> 
     </span>
    </p>
   </div>
   <div class='ocr_carea' id='block_1_8' title="bbox 131 4998 1760 5128">
    <p class='ocr_par' dir='ltr' id='par_1_9' title="bbox 131 4998 1760 5128">
     <span class='ocr_line' id='line_1_56' title="bbox 131 4998 1760 5128; baseline 0.008 -75"><span class='ocrx_word' id='word_1_689' title='bbox 131 5007 234 5054; x_wconf 89' lang='lat' dir='ltr'>storum</span> <span class='ocrx_word' id='word_1_690' title='bbox 248 4999 389 5069; x_wconf 87' lang='lat' dir='ltr'>impositus</span> <span class='ocrx_word' id='word_1_691' title='bbox 402 5001 436 5057; x_wconf 88' lang='lat' dir='ltr'>ad</span> <span class='ocrx_word' id='word_1_692' title='bbox 449 5001 518 5056; x_wconf 82' lang='lat' dir='ltr'>ovile</span> <span class='ocrx_word' id='word_1_693' title='bbox 531 4998 640 5068; x_wconf 84' lang='lat' dir='ltr'>Christi,</span> <span class='ocrx_word' id='word_1_694' title='bbox 653 5001 724 5057; x_wconf 88' lang='lat' dir='ltr'>uode</span> <span class='ocrx_word' id='word_1_695' title='bbox 744 5002 821 5057; x_wconf 89' lang='lat' dir='ltr'>annis</span> <span class='ocrx_word' id='word_1_696' title='bbox 834 5017 917 5128; x_wconf 54' lang='lat' dir='ltr'>hrope</span> <span class='ocrx_word' id='word_1_697' title='bbox 968 5016 1076 5063; x_wconf 84' lang='lat' dir='ltr'>nostras</span> <span class='ocrx_word' id='word_1_698' title='bbox 1095 5007 1152 5077; x_wconf 78' lang='lat' dir='ltr'>tilii,</span> <span class='ocrx_word' id='word_1_699' title='bbox 1175 5008 1302 5063; x_wconf 78' lang='lat' dir='ltr'>benevole</span> <span class='ocrx_word' id='word_1_700' title='bbox 1319 5007 1415 5077; x_wconf 85' lang='lat' dir='ltr'>lector,</span> <span class='ocrx_word' id='word_1_701' title='bbox 1438 5009 1605 5066; x_wconf 80' lang='lat' dir='ltr'>exisiltemus.</span> <span class='ocrx_word' id='word_1_702' title='bbox 1629 5011 1693 5066; x_wconf 83' lang='lat' dir='ltr'>Ser.</span> <span class='ocrx_word' id='word_1_703' title='bbox 1716 5011 1760 5067; x_wconf 84' lang='lat' dir='ltr'>us·</span> 
     </span>
    </p>
   </div>
   <div class='ocr_carea' id='block_1_9' title="bbox 132 5046 1036 5138">
    <p class='ocr_par' dir='ltr' id='par_1_10' title="bbox 132 5046 1036 5138">
     <span class='ocr_line' id='line_1_57' title="bbox 132 5046 1036 5138; baseline 0.009 -14"><span class='ocrx_word' id='word_1_704' title='bbox 132 5068 257 5124; x_wconf 84' lang='lat' dir='ltr'>mttecim</span> <span class='ocrx_word' id='word_1_705' title='bbox 277 5069 459 5138; x_wconf 82' lang='lat' dir='ltr'>aberraverat,</span> <span class='ocrx_word' id='word_1_706' title='bbox 477 5069 595 5126; x_wconf 77' lang='lat' dir='ltr'>vicissim</span> <span class='ocrx_word' id='word_1_707' title='bbox 614 5071 739 5128; x_wconf 88' lang='lat' dir='ltr'>reduetus</span> <span class='ocrx_word' id='word_1_708' title='bbox 762 5070 820 5126; x_wconf 90' lang='lat' dir='ltr'>luit.</span> <span class='ocrx_word' id='word_1_709' title='bbox 860 5072 916 5131; x_wconf 86' lang='lat' dir='ltr'>abi·</span> <span class='ocrx_word' id='word_1_710' title='bbox 929 5046 955 5106; x_wconf 74' lang='lat'><strong>⁰</strong></span> <span class='ocrx_word' id='word_1_711' title='bbox 967 5092 1036 5132; x_wconf 86' lang='lat' dir='ltr'>ntus.</span> 
     </span>
    </p>
   </div>
   <div class='ocr_carea' id='block_1_10' title="bbox 131 5206 1760 5703">
    <p class='ocr_par' dir='ltr' id='par_1_11' title="bbox 131 5206 1760 5703">
     <span class='ocr_line' id='line_1_58' title="bbox 168 5206 1095 5268; baseline -0.003 -3"><span class='ocrx_word' id='word_1_712' title='bbox 168 5208 279 5265; x_wconf 72' lang='lat' dir='ltr'>’Edidit</span> <span class='ocrx_word' id='word_1_713' title='bbox 297 5209 426 5267; x_wconf 83' lang='lat' dir='ltr'>Baronius</span> <span class='ocrx_word' id='word_1_714' title='bbox 440 5224 501 5266; x_wconf 91' lang='lat' dir='ltr'>cum</span> <span class='ocrx_word' id='word_1_715' title='bbox 522 5208 603 5265; x_wconf 87' lang='lat' dir='ltr'>rariis</span> <span class='ocrx_word' id='word_1_716' title='bbox 625 5206 785 5264; x_wconf 86' lang='lat' dir='ltr'>lectionibus</span> <span class='ocrx_word' id='word_1_717' title='bbox 804 5221 837 5263; x_wconf 82' lang='lat' dir='ltr'>es</span> <span class='ocrx_word' id='word_1_718' title='bbox 861 5220 913 5263; x_wconf 86' lang='lat' dir='ltr'>ma.</span> <span class='ocrx_word' id='word_1_719' title='bbox 967 5208 1095 5268; x_wconf 88' lang='lat' dir='ltr'>cundum.</span> 
     </span>
     <span class='ocr_line' id='line_1_59' title="bbox 134 5275 1760 5351; baseline 0.003 -18"><span class='ocrx_word' id='word_1_720' title='bbox 134 5277 380 5350; x_wconf 69' lang='lat' dir='ltr'>virdunensium</span> <span class='ocrx_word' id='word_1_721' title='bbox 402 5294 466 5336; x_wconf 88' lang='lat' dir='ltr'>cum</span> <span class='ocrx_word' id='word_1_722' title='bbox 484 5293 517 5335; x_wconf 86' lang='lat' dir='ltr'>co</span> <span class='ocrx_word' id='word_1_723' title='bbox 539 5275 747 5335; x_wconf 85' lang='lat' dir='ltr'>communicarit</span> <span class='ocrx_word' id='word_1_724' title='bbox 766 5275 799 5338; x_wconf 82' lang='lat' dir='ltr'>P.</span> <span class='ocrx_word' id='word_1_725' title='bbox 814 5275 916 5339; x_wconf 74' lang='lat' dir='ltr'>Fronto</span> <span class='ocrx_word' id='word_1_726' title='bbox 1005 5278 1165 5334; x_wconf 78' lang='lat' dir='ltr'>’llannseri</span> <span class='ocrx_word' id='word_1_727' title='bbox 1185 5286 1228 5333; x_wconf 88' lang='lat' dir='ltr'>tus</span> <span class='ocrx_word' id='word_1_728' title='bbox 1241 5277 1342 5344; x_wconf 78' lang='lat' dir='ltr'>lisinii,</span> <span class='ocrx_word' id='word_1_729' title='bbox 1357 5279 1760 5351; x_wconf 83' lang='lat' dir='ltr'>ndcnnamttpenolempueesn·</span> 
     </span>
     <span class='ocr_line' id='line_1_60' title="bbox 131 5347 1760 5422; baseline 0.003 -17"><span class='ocrx_word' id='word_1_730' title='bbox 131 5348 257 5408; x_wconf 69' lang='lat' dir='ltr'>Ducena..</span> <span class='ocrx_word' id='word_1_731' title='bbox 272 5348 401 5404; x_wconf 77' lang='lat' dir='ltr'>Bannatia.</span> <span class='ocrx_word' id='word_1_732' title='bbox 986 5363 1018 5404; x_wconf 87' lang='lat' dir='ltr'>tte</span> <span class='ocrx_word' id='word_1_733' title='bbox 1032 5357 1102 5403; x_wconf 83' lang='lat' dir='ltr'>sorte</span> <span class='ocrx_word' id='word_1_734' title='bbox 1111 5363 1156 5418; x_wconf 86' lang='lat' dir='ltr'>per</span> <span class='ocrx_word' id='word_1_735' title='bbox 1177 5349 1226 5403; x_wconf 85' lang='lat' dir='ltr'>uri.</span> <span class='ocrx_word' id='word_1_736' title='bbox 1243 5347 1395 5418; x_wconf 82' lang='lat' dir='ltr'>Eodemque</span> <span class='ocrx_word' id='word_1_737' title='bbox 1409 5349 1489 5404; x_wconf 87' lang='lat' dir='ltr'>modo</span> <span class='ocrx_word' id='word_1_738' title='bbox 1500 5350 1595 5419; x_wconf 79' lang='lat' dir='ltr'>legitur</span> <span class='ocrx_word' id='word_1_739' title='bbox 1608 5351 1760 5422; x_wconf 88' lang='lat' dir='ltr'>paulopost</span> 
     </span>
     <span class='ocr_line' id='line_1_61' title="bbox 168 5413 1524 5488; baseline 0 -14"><span class='ocrx_word' id='word_1_740' title='bbox 168 5420 179 5450; x_wconf 82' lang='lat'>²</span> <span class='ocrx_word' id='word_1_741' title='bbox 194 5417 226 5474; x_wconf 87' lang='lat' dir='ltr'>Si</span> <span class='ocrx_word' id='word_1_742' title='bbox 237 5418 379 5474; x_wconf 88' lang='lat' dir='ltr'>concilium</span> <span class='ocrx_word' id='word_1_743' title='bbox 394 5418 421 5473; x_wconf 90' lang='lat' dir='ltr'>in</span> <span class='ocrx_word' id='word_1_744' title='bbox 441 5431 495 5487; x_wconf 79' lang='lat' dir='ltr'>qno</span> <span class='ocrx_word' id='word_1_745' title='bbox 507 5414 628 5475; x_wconf 86' lang='lat' dir='ltr'>delibris</span> <span class='ocrx_word' id='word_1_746' title='bbox 639 5413 798 5488; x_wconf 78' lang='lat' dir='ltr'>apocryphis</span> <span class='ocrx_word' id='word_1_747' title='bbox 812 5423 913 5483; x_wconf 81' lang='lat' dir='ltr'>actum,</span> <span class='ocrx_word' id='word_1_748' title='bbox 980 5417 1058 5474; x_wconf 81' lang='lat' dir='ltr'>nhoc</span> <span class='ocrx_word' id='word_1_749' title='bbox 1071 5418 1131 5488; x_wconf 91' lang='lat' dir='ltr'>ipso</span> <span class='ocrx_word' id='word_1_750' title='bbox 1145 5417 1269 5472; x_wconf 88' lang='lat' dir='ltr'>concilio.</span> <span class='ocrx_word' id='word_1_751' title='bbox 1286 5416 1386 5473; x_wconf 76' lang='lat' dir='ltr'>laona.</span> <span class='ocrx_word' id='word_1_752' title='bbox 1401 5419 1524 5474; x_wconf 74' lang='lat' dir='ltr'>Docere.</span> 
     </span>
     <span class='ocr_line' id='line_1_62' title="bbox 133 5484 1759 5560; baseline 0.004 -20"><span class='ocrx_word' id='word_1_753' title='bbox 133 5501 205 5542; x_wconf 88' lang='lat' dir='ltr'>anuo</span> <span class='ocrx_word' id='word_1_754' title='bbox 221 5495 322 5548; x_wconf 81' lang='grc' dir='ltr'>ιιιιιιιιιι</span> <span class='ocrx_word' id='word_1_755' title='bbox 336 5488 388 5544; x_wconf 75' lang='lat' dir='ltr'>aad</span> <span class='ocrx_word' id='word_1_756' title='bbox 411 5486 529 5542; x_wconf 81' lang='lat' dir='ltr'>habitum</span> <span class='ocrx_word' id='word_1_757' title='bbox 551 5496 610 5553; x_wconf 81' lang='lat' dir='ltr'>est,</span> <span class='ocrx_word' id='word_1_758' title='bbox 626 5496 655 5542; x_wconf 89' lang='lat' dir='ltr'>ut</span> <span class='ocrx_word' id='word_1_759' title='bbox 668 5484 867 5553; x_wconf 78' lang='lat' dir='ltr'>supradiximus</span> <span class='ocrx_word' id='word_1_760' title='bbox 880 5500 914 5540; x_wconf 81' lang='lat' dir='ltr'>es</span> <span class='ocrx_word' id='word_1_761' title='bbox 1004 5485 1198 5560; x_wconf 73' lang='lat' dir='ltr'>‘AEprittttline</span> <span class='ocrx_word' id='word_1_762' title='bbox 1210 5487 1331 5543; x_wconf 87' lang='lat' dir='ltr'>continuo</span> <span class='ocrx_word' id='word_1_763' title='bbox 1344 5497 1369 5543; x_wconf 88' lang='lat' dir='ltr'>et</span> <span class='ocrx_word' id='word_1_764' title='bbox 1384 5491 1563 5552; x_wconf 82' lang='lat' dir='ltr'>maceratione.</span> <span class='ocrx_word' id='word_1_765' title='bbox 1587 5488 1687 5552; x_wconf 83' lang='lat' dir='ltr'>l‘ttottr.</span> <span class='ocrx_word' id='word_1_766' title='bbox 1706 5491 1759 5553; x_wconf 83' lang='lat' dir='ltr'>ltu--</span> 
     </span>
     <span class='ocr_line' id='line_1_63' title="bbox 134 5554 1053 5681; baseline 0.001 -70"><span class='ocrx_word' id='word_1_767' title='bbox 134 5554 225 5626; x_wconf 74' lang='lat' dir='ltr'>l’ayio,</span> <span class='ocrx_word' id='word_1_768' title='bbox 239 5566 364 5614; x_wconf 75' lang='lat' dir='ltr'>emutat</span> <span class='ocrx_word' id='word_1_769' title='bbox 382 5557 433 5613; x_wconf 83' lang='lat' dir='ltr'>laoc</span> <span class='ocrx_word' id='word_1_770' title='bbox 450 5555 592 5612; x_wconf 84' lang='lat' dir='ltr'>concilium</span> <span class='ocrx_word' id='word_1_771' title='bbox 607 5556 636 5612; x_wconf 89' lang='lat' dir='ltr'>in</span> <span class='ocrx_word' id='word_1_772' title='bbox 656 5569 710 5681; x_wconf 51' lang='lat' dir='ltr'>you</span> <span class='ocrx_word' id='word_1_773' title='bbox 724 5555 841 5612; x_wconf 78' lang='lat' dir='ltr'>Miserius</span> <span class='ocrx_word' id='word_1_774' title='bbox 864 5555 913 5611; x_wconf 82' lang='lat' dir='ltr'>al)-</span> <span class='ocrx_word' id='word_1_775' title='bbox 967 5569 1053 5613; x_wconf 84' lang='lat' dir='ltr'>oeus.</span> 
     </span>
     <span class='ocr_line' id='line_1_64' title="bbox 133 5622 915 5703; baseline 0.004 -19"><span class='ocrx_word' id='word_1_776' title='bbox 133 5624 256 5697; x_wconf 65' lang='lat' dir='ltr'>dulcitur,</span> <span class='ocrx_word' id='word_1_777' title='bbox 270 5629 385 5703; x_wconf 88' lang='lat' dir='ltr'>primum</span> <span class='ocrx_word' id='word_1_778' title='bbox 405 5626 456 5685; x_wconf 85' lang='lat' dir='ltr'>aab</span> <span class='ocrx_word' id='word_1_779' title='bbox 468 5622 574 5686; x_wconf 78' lang='lat' dir='ltr'>Gelasio</span> <span class='ocrx_word' id='word_1_780' title='bbox 587 5624 639 5683; x_wconf 89' lang='lat' dir='ltr'>dici</span> <span class='ocrx_word' id='word_1_781' title='bbox 678 5624 766 5695; x_wconf 84' lang='lat' dir='ltr'>cheat,</span> <span class='ocrx_word' id='word_1_782' title='bbox 787 5623 856 5697; x_wconf 68' lang='lat' dir='ltr'>titud,</span> <span class='ocrx_word' id='word_1_783' title='bbox 868 5638 915 5687; x_wconf 78' lang='lat' dir='ltr'>aa·</span> 
     </span>
    </p>
   </div>
   <div class='ocr_carea' id='block_1_11' title="bbox 0 0 1912 6116">
    <p class='ocr_par' dir='ltr' id='par_1_12' title="bbox 0 0 1912 6116">
     <span class='ocr_line' id='line_1_65' title="bbox 0 0 1912 6116; baseline 0 0"><span class='ocrx_word' id='word_1_784' title='bbox 0 0 1912 6116; x_wconf 95' lang='lat' dir='ltr'> </span> 
     </span>
    </p>
   </div>
  </div>
 </body>
</html>
