3816 6120
142 331 194 390 tul
804 330 924 388 suncti
945 331 1103 390 inlisum!

142 465 194 520 qun
207 465 270 506 reno
281 450 397 506 viriumr
410 461 438 507 ot
451 452 477 506 in
495 465 546 521 qino
568 449 705 521 justificati
732 464 835 505 eunius.
861 450 928 505 Cum
942 463 967 520 Α
981 451 1100 520 grauidis,
1116 449 1160 506 hic
1174 465 1280 519 ponnus3
1297 466 1355 520 qun
1367 461 1429 504 som
1445 448 1623 506 autumno
1631 461 1665 505 ra

143 551 220 599 natus
240 542 320 597 luerit
341 542 439 611 inians,
459 553 487 599 et
510 543 576 598 lucis
592 542 672 610 nujus
697 540 928 611 participationem
983 557 1035 596 uon
1061 551 1173 596 naturae.
1197 543 1224 597 Si
1242 557 1307 612 erqo
1321 542 1444 596 accident
1463 538 1665 610 atlinmealuti

141 632 295 702 eontigerit,
312 634 458 701 perlectum
471 633 604 687 nominem
619 640 710 685 natum
725 642 786 687 esre
802 630 927 697 dicimus,
982 642 1149 701 proveetum,
1165 633 1284 703 nunquid
1304 633 1436 702 adjectum
1449 642 1491 686 ost
1506 631 1609 698 aliquid
1622 629 1665 689 tiri

140 730 168 775 et
180 730 222 778 est
233 720 352 791 ejusdem
373 721 531 776 substantia
543 719 620 789 cujus
634 728 675 776 ert
690 720 736 775 ille
756 719 801 789 qui
814 721 927 790 qeuttit.
982 722 1156 776 substantio?
1169 724 1264 778 insit:
1281 727 1341 791 quia
1355 738 1408 777 non
1422 720 1574 776 extenditur
1587 727 1665 777 aot·

141 811 192 867 lioc
212 821 273 879 ost,
289 810 386 866 animal
411 812 539 867 rationale
561 811 694 869 mortale:
709 823 863 881 quanquam
884 810 928 866 ille
980 820 1082 866 naturae
1102 810 1250 880 proprietas
1254 849 1319 868 ......
1335 810 1432 866 Cetera
1448 813 1549 866 desunt.

731 1112 880 1158 EXBUM'E
902 1110 1029 1156 1800ιο
1050 1108 1180 1163 Quinto.

279 1256 847 1467 sinnius
834 1247 1659 1559 inustionis,

456 1662 731 1753 EDMONDI
767 1659 1050 1744 MARTENE
1087 1653 1435 1739 ADMONITIO.

825 1833 1066 1849 *n—

170 1948 234 2014 Quir
256 1948 332 2019 suerit
355 1947 399 2001 ille
422 1945 454 2002 S.
471 1943 612 1999 laustinus
636 1944 742 1998 necdum
767 1952 836 1997 certo
861 1944 926 1998 seire
940 1945 964 2007 B
976 1941 1122 2013 episcopus,
1138 1943 1212 2013 cujur
1228 1939 1360 1994 homiliam
1373 1941 1503 1995 dominico
1522 1950 1583 1996 onte
1601 1954 1665 2010 qut

134 2039 197 2095 anilii
208 2037 290 2093 licuit.
309 2036 432 2108 Equidem
445 2035 543 2107 reperio
557 2033 627 2102 apud
639 2031 802 2088 Gennadium
811 2032 877 2088 lilino
891 2033 923 2088 de
976 2050 1044 2088 reram
1058 2032 1157 2088 AEncar
1172 2029 1327 2086 Parisieuris
1337 2032 1364 2087 in
1379 2032 1442 2087 libro
1453 2033 1574 2087 adonem
1585 2029 1665 2089 Grau

133 2130 283 2185 tttuurtlus
298 2127 421 2184 Ecclesia
434 2125 607 2198 scriptoribus
627 2123 782 2180 Faustinum
794 2125 923 2196 prerlqte·
975 2123 1059 2195 ciquii
1080 2134 1142 2177 ιοιιι.
1158 2121 1213 2189 vti,
1231 2139 1292 2193 paq.
1308 2124 1354 2188 86,
1369 2124 1430 2177 citat
1443 2138 1453 2177 .·
1465 2139 1542 2186 qoam
1555 2120 1665 2178 tenuta

133 2238 200 2287 rtem,
220 2221 264 2292 qui
287 2219 389 2291 scripsit
411 2220 446 2274 ad
466 2233 599 2288 potonem
616 2215 747 2271 n'taeetlto
761 2218 854 2288 reqiuoe
875 2217 923 2270 ad·
974 2230 1048 2284 qram
1071 2214 1165 2283 reperit
1194 2222 1281 2267 notter
1301 2213 1423 2267 drlteriur
1447 2214 1473 2266 in
1500 2212 1665 2285 manuscripti

133 2328 233 2368 terrum
247 2312 356 2366 Arianos
370 2320 394 2364 et
411 2307 609 2364 liacedonianor
624 2306 703 2361 libror
715 2317 828 2377 reptem,
840 2308 922 2361 editor
974 2304 1079 2370 leiensi,
1103 2320 1212 2375 eumque
1237 2306 1353 2359 eumdem
1368 2322 1423 2360 csse
1442 2322 1499 2359 catu
1513 2303 1612 2360 Fausto
1628 2303 1665 2361 iil

133 2405 161 2458 in
174 2401 330 2458 Bibliotheca
345 2399 472 2465 Patrunt‚·
497 2410 519 2454 ct
533 2400 641 2454 alterum
664 2399 757 2452 librum
779 2414 852 2468 quem
869 2399 923 2454 l'o-
974 2397 1103 2467 episcopo,
1129 2397 1270 2450 arbitratur
1294 2414 1325 2451 en
1348 2398 1494 2469 carrjertura
1520 2394 1665 2454 tontumd

134 2491 273 2545 lentiniono
289 2502 312 2545 el
333 2489 473 2545 Tlteodosio
495 2499 519 2544 el
534 2490 645 2543 Arcadio
657 2487 852 2558 irreperalaribttr
874 2507 921 2560 pro
972 2487 1039 2542 idem
1059 2489 1135 2552 {uerit
1151 2503 1207 2541 cum
1223 2485 1349 2543 Faustino
1372 2489 1500 2560 sequentis
1519 2487 1665 2544 ltomilioet

133 2579 280 2647 defensione
294 2595 399 2634 suorum
416 2595 473 2633 cum
496 2578 647 2634 Marcellino
661 2579 806 2650 preslqtero
821 2579 920 2635 obtulit.
972 2597 1019 2635 ner
1033 2581 1173 2650 offirmare,
1201 2597 1246 2635 nec
1272 2599 1366 2651 neqare
1388 2582 1481 2638 audeo.
1503 2583 1665 2656 Cuiuscunqt

137 2665 230 2722 Verum
244 2668 285 2721 lrie
297 2666 439 2723 Faustinus
462 2685 511 2723 non
526 2670 575 2740 [nit
590 2679 700 2735 sanctur,
724 2669 775 2724 imo
790 2670 920 2725 relltmall
971 2671 1030 2724 dem
1043 2668 1089 2722 illa
1100 2669 1142 2734 ait,
1155 2685 1216 2723 rane
1227 2670 1396 2733 antiquissimi
1405 2672 1518 2724 auctoris
1532 2686 1586 2726 esse
1602 2678 1665 2726 ectri

134 2756 296 2828 luciferiano
319 2768 404 2831 aperte
418 2761 554 2814 conseruit.
583 2758 644 2815 Fuit
662 2770 685 2815 ct
699 2759 765 2814 alter
781 2759 921 2817 Faustinus
971 2771 1022 2818 ert.

137 2896 1665 2925 *nn—...mm

595 3020 875 3129 SANCTI
938 3022 1300 3130 FAUSTINI

789 3214 794 3224 '
827 3227 1080 3313 Homtntn

478 3407 577 3516 DE
618 3403 1033 3519 PASSIONE
1079 3405 1422 3518 DOMINI.

570 3600 670 3672 (Edidit
681 3601 802 3658 Marione
815 3600 856 3656 Ex
870 3617 921 3657 ms.
935 3599 965 3656 S.
980 3599 1058 3655 illidii
1072 3599 1322 3673 claromontensis.)

167 3869 299 3928 oenenen
315 3869 361 3926 Dei
381 3868 464 3925 nostri
479 3883 539 3925 eum
555 3883 648 3939 magna
667 3882 698 3924 nc
714 3867 826 3924 mirilico
848 3869 917 3936 sint,
934 3873 957 3935 c
973 3885 1037 3926 sona
1053 3871 1115 3926 dnm
1131 3886 1163 3925 rx
1178 3870 1243 3925 ιιι-ιι
1258 3870 1336 3939 primi
1362 3868 1478 3924 hominis
1492 3878 1566 3925 costa
1589 3877 1665 3927 mate.

132 3974 221 4017 tamen
236 3975 287 4016 nee
302 3973 371 4015 nona
390 3957 538 4030 probantur
552 3971 613 4015 esso
633 3973 684 4014 nee
699 3959 803 4026 ιιιιιίιις
823 3961 869 4015 sed
885 3958 919 4015 nb
973 3976 1076 4020 erorum
1099 3963 1245 4019 virentium
1262 3963 1318 4018 Ero
1341 3961 1506 4031 producitur,
1530 3976 1564 4016 en
1588 3960 1665 4032 ltujnt

132 4053 318 4122 initiosareuli
332 4060 360 4108 et
374 4051 672 4122 pronunciantem
687 4053 919 4125 praelianautny-
973 4056 1055 4112 latere
1068 4071 1099 4112 nc
1117 4056 1225 4110 salutari
1242 4055 1353 4110 vulnere
1367 4052 1486 4108 Ecclesia
1506 4051 1627 4108 omniunt
1641 4050 1665 4109 m

130 4144 230 4200 sterile.
246 4143 354 4200 Sacram
374 4141 480 4199 Domini
501 4142 651 4213 passionem
670 4142 704 4196 ab
719 4141 804 4212 ipsius
827 4143 918 4198 mundi
973 4164 1071 4219 parens
1086 4145 1234 4217 reparanda
1248 4155 1422 4200 monstratur.
1437 4144 1465 4199 ln
1485 4143 1543 4211 rius
1558 4151 1623 4214 typo
1633 4142 1665 4199 at

130 4233 307 4290 coalescentis
334 4233 452 4288 exordiis
473 4224 576 4288 Veteris
603 4231 765 4289 Testamenti
791 4249 919 4304 responsa
974 4253 1031 4295 ιιιιι
1046 4239 1185 4302 occiditur,
1198 4247 1223 4290 ot
1237 4237 1365 4292 innocens
1379 4235 1495 4290 fraterna
1507 4232 1664 4304 tanquam!

131 4325 295 4389 cecinerunt,
316 4332 343 4379 ct
358 4321 563 4379 ideoClnistum
588 4323 729 4379 Dominum
745 4323 918 4393 praedicatum
974 4329 1110 4399 impietate
1120 4337 1260 4382 mactatur.
1276 4327 1324 4381 llic
1343 4324 1412 4380 idem
1426 4323 1554 4379 Dominus
1567 4324 1594 4377 in
1615 4338 1665 4379 not

131 4428 210 4486 utque
228 4417 378 4473 nuntiatum
391 4415 489 4471 todots
502 4423 595 4486 aperte
608 4431 640 4471 ot
655 4417 772 4486 ipsorum
794 4416 872 4472 libris
891 4425 920 4473 et
972 4418 1062 4474 mundi
1082 4416 1248 4473 scinomannis
1268 4423 1347 4471 aetate
1362 4429 1409 4483 per
1421 4413 1530 4481 liguram
1554 4412 1627 4468 beati
1646 4412 1665 4469 ll

131 4509 311 4565 uoluminibus
329 4507 486 4572 asserimus,
506 4506 601 4561 ualidis
614 4507 714 4576 alisque
731 4507 812 4562 dubio
826 4507 919 4562 nititur
971 4509 1086 4579 longari
1105 4508 1189 4577 patris
1203 4507 1323 4561 offertur.
1338 4505 1396 4572 Quo
1412 4513 1532 4571 tempore
1549 4502 1613 4557 duan
1633 4518 1665 4559 nu

131 4599 287 4671 privilegiis,
295 4597 341 4669 qui
349 4611 455 4654 eausam
469 4599 503 4653 do
518 4598 701 4654 ⁸udversoriir
714 4600 808 4656 asserit
819 4601 918 4656 instin-
972 4601 1074 4656 criticio
1086 4599 1113 4655 in
1127 4600 1197 4655 nnici
1211 4601 1250 4655 sui
1261 4599 1381 4670 jugulum
1394 4598 1451 4668 pius
1465 4595 1596 4667 parricida
1610 4606 1665 4651 oon:

132 4691 240 4748 mentis.
252 4689 379 4760 Speciosa
391 4688 500 4745 uictoria
513 4689 919 4759 eslcontraripnrpartemehar-
970 4706 1003 4747 ex
1019 4691 1163 4762 improviso
1174 4691 1243 4745 arios
1253 4690 1337 4744 oeulis
1348 4688 1406 4756 ejns
1416 4687 1548 4757 apparuit,
1562 4686 1631 4740 siout
1641 4686 1665 4741 io

133 4783 197 4840 tulis
209 4783 265 4838 suis
275 4783 349 4839 velut
361 4781 475 4851 propriis
487 4781 588 4852 laqueis
599 4780 704 4836 irretire
715 4789 740 4836 et
752 4780 916 4837 testimonio·
969 4797 1060 4838 sermo
1081 4781 1187 4837 diuinus
1202 4799 1208 4833 ι
1226 4780 1259 4834 Et
1282 4781 1343 4835 uidit
1359 4778 1488 4833 Alrolam
1503 4778 1608 4830 arietem
1629 4772 1665 4831 in't

132 4889 192 4930 rum
205 4873 433 4930 suorumvocibus
445 4873 582 4930 conlutare
592 4882 619 4928 et
629 4873 754 4927 amnium
765 4871 779 4911 ¹³
791 4873 851 4928 telis
862 4877 917 4929 suls
972 4889 1028 4944 pres
1042 4873 1180 4927 inurentem
1192 4871 1308 4926 coruilus
1320 4870 1395 4940 (Gen.
1408 4884 1471 4934 xxti,
1485 4868 1540 4936 til.
1557 4867 1631 4922 inter
1650 4880 1666 4920 r

133 4962 474 5034 ortncere‚utpnqnotorts
490 4962 526 5016 tui
537 4972 693 5031 argumento
708 4961 919 5031 luitprobontur
973 4963 1078 5033 inquit;
1093 4963 1260 5033 requiramus
1273 4977 1332 5033 qun
1355 4963 1390 5018 sit
1414 4963 1463 5016 ista
1484 4961 1600 5025 nouitas,
1628 4956 1656 5014 id

134 5064 146 5092 ι
164 5053 321 5111 utilitatibus
341 5053 467 5109 militare.
490 5053 581 5123 ltaqna
595 5052 622 5108 in
638 5052 744 5108 Domini
760 5042 844 5110 nostri
860 5069 920 5122 par·
974 5053 1143 5110 multitudino
1164 5051 1393 5108 circumstantium
1420 5057 1598 5121 peccatorum,
1614 5046 1666 5104 hrt

167 5231 237 5288 *Sic
271 5227 741 5298 rmelurudtiqustimrsinpsal.tn:
760 5226 960 5300 Praierimmn
1008 5229 1104 5284 ritino
1127 5229 1253 5299 estquod
1283 5216 1361 5284 idern
1381 5224 1556 5281 &doctor-tn
1581 5222 1665 5293 psalin

131 5304 230 5360 codices
259 5301 399 5362 edmarum,
415 5296 868 5365 neurpelndceiinimirinortrirunt.
883 5297 920 5353 lle
970 5298 1067 5358 ludat,
1089 5300 1184 5368 inquit,
1209 5299 1306 5353 librarii
1329 5298 1408 5351 nostri
1422 5295 1483 5365 {aeti
1505 5303 1574 5347 runt.
1589 5295 1624 5348 tit
1649 5295 1665 5350 n

130 5373 225 5428 clrartir
239 5369 334 5425 inimici
349 5369 505 5423 conuincitur
518 5369 686 5423 aduersarius.
971 5385 1023 5424 nt:
1039 5368 1122 5425 Nolir
1143 5371 1254 5424 seruiunt
1275 5369 1374 5433 luant,
1402 5378 1522 5435 tanquam
1549 5365 1662 5434 caprarii

165 5441 234 5499 bSit:
247 5443 340 5497 lterum
351 5439 381 5493 S.
394 5440 556 5509 Augustinus
566 5437 915 5494 o·nct.adnorsosludnos:
969 5441 1033 5508 lacti
1047 5440 1286 5502 mundationum
1300 5438 1479 5492 noiircodicer
1508 5434 1650 5489 ortantiil

131 5513 172 5567 Dc
190 5512 283 5567 tonctir
301 5509 453 5578 scripturis,
479 5525 588 5579 quarum
602 5520 625 5562 et
646 5510 716 5576 apud
741 5510 810 5579 ipror
825 5524 920 5579 rttnqno
970 5518 1064 5563 eontra
1085 5509 1188 5576 Fnusl„
1206 5524 1230 5565 c.
1249 5509 1285 5563 23
1300 5526 1307 5563 ι
1325 5508 1394 5574 ant
1409 5514 1446 5560 est
1470 5451 1541 5556 ussud
1564 5503 1665 5631 induet

132 5582 237 5637 linietur·
260 5579 406 5642 auctoritas,
431 5580 623 5633 sumendorum
638 5580 794 5644 testimonia,
809 5594 917 5648 qnorum
969 5579 1035 5648 ipro,
1060 5580 1108 5632 nisi
1119 5579 1235 5650 quodam
1250 5578 1385 5633 seriniuia
1408 5575 1629 5640 Christianorum,

132 5652 177 5704 etsi
191 5652 271 5706 nolint
283 5649 481 5706 allalatuilitote
492 5648 588 5714 sanari,
601 5659 691 5717 operta
706 5650 803 5719 pusrs'nt
813 5650 918 5703 ueritate
971 5651 1049 5718 leqcm
1075 5658 1098 5703 ct
1119 5653 1256 5719 propinetur
1284 5649 1317 5703 ml
1340 5645 1511 5702 testimonium
1535 5644 1663 5703 urrerdun

132 5722 255 5775 rottuimi„
967 5722 1061 5776 clerice.
