3816 6120
63 267 114 323 lui

668 261 847 325 ertstoffl
867 264 910 318 st
929 261 1100 319 tecutis.

1654 266 1703 322 tte

62 388 232 444 pecmtores,
247 377 288 433 rel
300 381 455 448 peccateres
466 393 518 435 uun
532 393 592 437 esse
609 379 760 449 perliceret.
772 377 858 435 Com·
871 377 896 436 tt
908 377 996 446 iectus
1006 377 1070 432 est?
1084 374 1176 449 ltaque
1198 377 1256 450 ipse
1271 375 1298 433 in
1313 389 1343 433 se
1366 375 1534 433 insolubilem
1558 377 1619 434 lectt
1641 393 1704 437 esse

63 480 135 540 plu-ta
149 482 192 527 est
205 481 233 527 et
242 472 269 527 in
282 474 323 528 eis
335 473 497 540 sententia,¹
510 487 559 528 uec
571 486 624 542 quo
636 480 730 528 tenore
750 481 859 543 peraeto

64 579 227 632 permanens
250 564 294 618 tta
320 568 456 621 sententia
470 563 644 635 pereuntibus
660 563 858 634 peccatoribus,

64 656 98 709 ita
110 664 140 708 nt
151 671 204 706 εεε
218 665 311 710 essent
322 658 416 726 utique
430 664 595 724 peccatores.
611 653 646 709 m
658 670 689 708 ea
700 655 754 722 jann
769 654 795 709 in
806 669 860 708 nou

65 761 129 816 pecc
147 745 253 800 toribus
275 762 383 802 trranere
403 762 456 802 nnn
476 741 579 816 proluit,
594 746 655 815 quin
671 747 696 800 itt
711 746 750 800 eis
765 745 861 814 quibus

65 837 165 891 ιειιειε
183 854 236 890 εεε
254 837 340 892 ιεειει
354 839 395 909 jus
410 839 534 894 marreudl
549 841 653 908 pertitus
668 853 721 893 nou
736 837 860 894 nauseet.

72 931 109 984 lta
127 944 177 983 trec
198 933 224 985 in
237 946 287 983 suo
307 931 369 999 jure
389 933 429 985 rel
447 932 553 985 trusnite
574 931 706 985 ullatenus
730 929 862 984 sententia

66 1021 185 1074 resnlrrta
201 1031 254 1083 est,
268 1029 296 1074 et
310 1022 406 1074 endem
421 1018 497 1074 inlus
510 1019 606 1088 quibus
622 1019 720 1075 lullictn
734 1027 786 1081 εει,
800 1033 864 1089 per·

67 1124 204 1175 transeunte,
222 1115 256 1163 air
267 1111 308 1164 ilis
322 1113 367 1180 qui
380 1110 414 1164 ab
424 1109 482 1178 eius
492 1110 551 1178 jure
563 1109 671 1163 discreti
685 1101 757 1170 sunt,
773 1108 861 1163 aliena

38 1183 43 1194 ’
66 1215 179 1270 prorsus
194 1200 290 1254 tlieetn
306 1207 357 1255 est.
379 1200 434 1255 lter
450 1201 475 1254 in
491 1201 542 1266 liis,
555 1200 631 1266 ¹salua
646 1198 686 1254 sui
698 1200 863 1265 conditione,

67 1294 107 1347 lus
121 1291 235 1346 habret
249 1291 394 1356 strauendi,
410 1291 507 1361 quibus
523 1289 622 1343 indicta
641 1303 694 1344 unu
708 1297 776 1345 erut.
793 1289 865 1344 Dixit

68 1385 215 1450 llurntuus‚
238 1381 310 1453 qurud
333 1382 359 1436 in
382 1381 511 1447 strumo
533 1387 654 1447 sanctum
674 1379 874 1448 peccantibus,

67 1491 116 1530 uec
138 1476 184 1528 bic
204 1485 279 1529 esset
300 1488 352 1529 nee
380 1473 406 1527 in
438 1471 528 1527 luturo
551 1473 650 1527 seculo
674 1470 863 1528 remittendum

68 1563 177 1639 (lluttlt.
192 1567 253 1632 ιιι).

101 1657 228 1723 erarrtos
249 1663 340 1708 autern
356 1652 545 1723 cognoscimus
558 1653 585 1709 iu
601 1653 729 1723 Spiritum
741 1664 863 1710 sarnetum

911 471 1083 535 sententiata,
1108 470 1152 540 qui
1169 469 1230 526 talis
1253 486 1412 548 permnnere
1427 471 1539 542 delegit,
1554 473 1643 543 qualis
1657 490 1704 529 se·

911 562 1009 616 raeiter
1023 576 1077 616 uon
1092 573 1181 631 posset
1194 564 1297 619 absolvi
1306 580 1313 630 ;
1323 553 1351 620 ei
1362 564 1447 619 noluit
1463 567 1523 620 tulis
1536 565 1618 632 ellici,
1631 570 1702 623 circu

912 653 1030 722 qualem,
1046 663 1221 725 permanente
1237 648 1370 711 sententia
1392 657 1463 712 circa
1485 657 1563 722 tales.
1578 660 1703 716 ellectum

913 757 966 800 non
983 746 1062 799 talem
1086 746 1236 802 insolubilis
1256 748 1389 803 sententia
1417 763 1470 802 non
1495 763 1626 824 maneret,
1643 768 1704 820 quar

913 834 983 889 circa
1008 834 1132 892 effectum
1159 852 1212 892 non
1241 836 1321 893 luleus
1347 841 1399 893 utun
1425 831 1536 896 ltrtireret
1566 842 1703 897 liventium

914 921 1099 989 permanendi.
1115 928 1174 994 Quo
1187 929 1273 1000 tnaqis
1287 930 1327 999 (ut
1340 930 1439 986 dictum
1454 932 1507 1002 est}
1518 935 1642 1000 exemplo
1665 945 1707 986 nt-

914 1029 966 1084 que
986 1017 1106 1086 periculo
1122 1017 1264 1086 adtnrniti,
1278 1019 1322 1089 qni
1338 1019 1433 1076 eodem
1449 1032 1542 1078 tenure
1564 1038 1624 1079 sttttt
1642 1040 1706 1079 etru-

914 1109 1016 1176 strieti,
1033 1104 1280 1167 festinare'delren't
1302 1122 1330 1168 ut
1354 1128 1405 1168 nun
1430 1115 1497 1170 tales
1517 1131 1578 1172 esse
1599 1131 1705 1187 perma·

916 1207 997 1252 uentu
1021 1198 1117 1267 quibus
1139 1201 1270 1256 sententie
1297 1201 1341 1257 ilia
1366 1219 1418 1258 nun
1444 1197 1569 1260 sotienoa
1597 1207 1704 1276 prmissa

915 1296 966 1354 est,
983 1298 1009 1343 et
1022 1304 1082 1345 esse
1102 1291 1167 1346 tales
1187 1290 1315 1361 inoptam
1339 1294 1462 1362 qualibus
1488 1310 1539 1349 non
1555 1292 1705 1352 insolubilis

916 1380 1025 1449 prutina
1044 1381 1176 1436 sententia
1194 1383 1278 1451 possit
1290 1398 1351 1439 esse
1364 1384 1496 1440 solubilis.
1513 1386 1644 1454 Qtrotrimn
1660 1404 1706 1443 ntr-

917 1478 970 1525 tem
983 1469 1141 1526 euectonon
1155 1473 1201 1527 tali
1217 1473 1289 1544 quali
1305 1490 1358 1529 uun
1373 1476 1500 1531 soluenda
1518 1478 1624 1546 praelixa
1642 1493 1706 1533 sen·

916 1561 1000 1616 tentia
1016 1571 1068 1632 est,
1083 1561 1189 1632 ellectu,
1206 1565 1324 1634 inquam,
1338 1581 1391 1621 non
1408 1566 1462 1633 tali,
1478 1578 1568 1638 potest
1587 1568 1707 1624 solubilis

917 1667 976 1708 esse
1000 1656 1147 1721 centenum
1176 1655 1307 1726 quiajam
1323 1656 1431 1723 leucio,
1460 1673 1513 1714 nou
1528 1660 1627 1714 solcttti
1654 1676 1707 1715 uon

68 1746 102 1802 de
114 1748 272 1815 inquentes,
287 1748 357 1800 sicut
371 1747 512 1801 luere'ticus
526 1747 657 1812 diuersos,
672 1747 795 1814 Arianos,
810 1747 865 1802 liu·
879 1722 904 1790 Β
917 1746 998 1802 talem
1013 1762 1084 1814 esse,
1099 1747 1165 1803 sieut
1175 1748 1220 1803 tuli
1235 1751 1354 1820 usquein
1366 1751 1445 1807 linem
1457 1753 1636 1822 permanenti,
1649 1768 1710 1823 per·

69 1838 221 1903 numianus,
247 1836 468 1904 ilaeedotrianos,
481 1836 515 1891 ad
530 1837 609 1893 lldem
631 1839 792 1894 catholicam
817 1855 863 1895 ru·
915 1838 1014 1894 mansit
1026 1840 1052 1892 iu
1067 1839 1189 1894 absoluta
1203 1843 1334 1896 sententia
1351 1860 1357 1894 ε
1374 1841 1409 1897 ita
1428 1843 1551 1912 jamnon
1575 1844 1621 1898 tali
1638 1844 1709 1900 ellici

69 1938 222 1995 vertentes,
238 1940 265 1984 ει
286 1927 329 1984 bie
342 1930 528 1987 remissionem
553 1944 609 1986 ause
629 1932 780 2002 percepisse
795 1932 866 1989 blas·
917 1947 969 1987 uon
993 1927 1093 1987 tuleuti
1120 1932 1242 1988 slubilis
1276 1949 1329 1988 non
1358 1945 1447 2006 potest
1478 1950 1538 1991 esse
1562 1938 1708 1992 sententia.

70 2022 199 2092 ptemim,
214 2021 411 2077 etinlutururu
425 2037 501 2092 spem
523 2024 671 2094 sumpsisse
693 2023 865 2095 indulgentius
916 2023 1010 2080 Nonne
1030 2032 1119 2079 tantos
1139 2023 1253 2079 babebat
1279 2024 1393 2081 Aeacius
1419 2041 1535 2094 quorum
1556 2028 1708 2092 exemplum

70 2119 289 2190 curtesque-ndei
302 2118 357 2174 Nee
370 2119 430 2175 iden
444 2134 498 2175 nnn
509 2134 571 2177 sera
583 2128 626 2176 est
637 2117 741 2175 Domini
754 2131 865 2175 senten·
916 2117 992 2184 sequi
1009 2116 1150 2186 potuisset,
1164 2116 1309 2186 antistites,
1325 2117 1381 2187 qui,
1395 2116 1422 2171 in
1437 2116 1574 2186 presino
1590 2118 1709 2187 pmlnpsi

71 2212 117 2278 tis,
133 2223 181 2267 εει
195 2211 334 2281 pulsabitur
345 2224 406 2267 esse
420 2211 553 2268 ullatenus
567 2213 695 2279 resoluta,
711 2227 772 2266 cunt
794 2212 865 2266 circa
917 2207 1070 2272 latrocinio,
1086 2206 1209 2277 quolibet
1232 2205 1312 2261 urodn
1329 2208 1353 2261 in
1378 2208 1584 2264 consensionem
1607 2207 1709 2264 recide·

73 2305 140 2358 tales
163 2303 187 2357 si
204 2303 256 2357 boe
269 2318 329 2358 esse
343 2311 527 2373 permaneant,
540 2317 675 2373 nunquam
687 2302 797 2358 omniuo
809 2302 866 2359 sol·
916 2307 976 2353 rant
993 2295 1152 2367 prauitatis?
1170 2296 1266 2366 Utique
1281 2305 1371 2353 tumen
1383 2297 1447 2368 (etsi
1463 2299 1563 2353 dictum
1573 2314 1626 2354 non
1638 2300 1709 2369 erati

72 2397 157 2449 reuda
175 2396 320 2462 persistat,
343 2392 446 2448 ellectis
465 2401 553 2447 auteur
570 2408 624 2446 nun
648 2392 865 2448 talibusnonir-
917 2398 943 2445 et
972 2388 1127 2459 perpetuam
1151 2386 1349 2443 damnationem
1379 2387 1450 2446 tere
1475 2391 1632 2460 potuissent,
1658 2390 1709 2445 nisi

73 2494 175 2556 rogata.
191 2487 268 2541 Sicut
287 2487 369 2540 etiarn
392 2497 435 2540 est
449 2497 648 2554 consequenter
668 2496 696 2541 ει
710 2485 775 2541 ιιιει
794 2485 866 2542 uenti
917 2480 1124 2549 ιεεῗεὶεεεειεε,
1141 2490 1170 2535 ει
1194 2495 1247 2534 εεε
1276 2480 1344 2535 ιειεε
1361 2479 1448 2536 ειεειι
1468 2482 1560 2552 quales
1580 2481 1619 2536 illi
1647 2481 1709 2537 iacti

72 2577 334 2644 irratrnisaputuli:
351 2578 533 2649 supernarum
553 2578 587 2631 ud
603 2578 866 2634 mentemmentdm
917 2574 1033 2642 luerunt,
1050 2571 1304 2643 damnationemque
1332 2585 1489 2644 perpetuam
1519 2572 1708 2636 merebuntur.

73 2683 100 2724 at
121 2681 211 2726 oretur
231 2688 278 2733 pro
302 2687 349 2735 eo,·
374 2681 397 2725 et
411 2682 448 2726 ert
463 2681 594 2743 pestutum
613 2688 664 2727 uon
679 2673 713 2728 ud
737 2685 865 2728 mortem:
917 2664 1014 2721 resolui
1028 2664 1099 2720 eirea
1122 2679 1153 2720 se
1167 2662 1377 2731 damnationem,
1402 2665 1559 2720 recedentes
1583 2677 1709 2733 aperpe·

73 2763 130 2816 dico
144 2771 172 2815 ut
198 2770 285 2816 oretur
302 2779 349 2830 pro
371 2759 595 2834 collinensi:
612 2773 653 2818 est
673 2773 809 2835 peccalum
832 2765 866 2820 ιι
917 2765 971 2811 ¹¹¹ae
995 2754 1174 2811 dlfflssiliffllil
1192 2769 1291 2822 ⁰²¹¹⁸²2
1318 2756 1328 2787 ⁸
1351 2758 1536 2812 meruissent:
1559 2770 1638 2822 quam
1661 2754 1707 2825 (ι’ιι

74 2863 201 2912 mortem.
217 2854 244 2907 in
260 2852 354 2909 endem
371 2866 482 2922 per-ento
500 2854 686 2921 manentibus;
708 2866 748 2910 est
772 2870 866 2923 pecca.
919 2849 1061 2920 perstitere
1084 2849 1155 2903 eirca
1181 2861 1211 2904 se
1232 2848 1403 2903 insolubilem
1428 2845 1611 2901 reddiderunt.
1637 2844 1708 2900 Niltil

73 2951 127 2999 ιιιει
138 2959 194 2998 nou
213 2943 246 2998 ad
258 2951 384 3009 utortent,
394 2945 428 3000 alt
439 2944 533 3000 endem
546 2954 655 3015 peccatu
668 2944 864 3004 recedentibus.
918 2942 1030 2998 interest
1041 2940 1131 3010 igitur,
1147 2939 1213 2995 nibil
1228 2939 1327 3009 diliert,
1343 2948 1433 2995 utrum
1447 2938 1552 2994 dicatur
1571 2952 1706 3007 uunquam

76 3035 182 3090 motum
197 3046 240 3090 εει
252 3037 349 3105 quippe
364 3040 501 3102 peccaturo
524 3052 572 3103 pro
594 3051 648 3107 quo
661 3047 708 3092 aut
730 3053 783 3094 non
807 3048 867 3095 oret
918 3032 1074 3096 solvendus,
1091 3047 1125 3086 an
1139 3031 1309 3087 nundinator
1328 3047 1335 3090 ;
1358 3032 1418 3102 qnia
1445 3030 1627 3087 ecelesiastica
1645 3043 1707 3083 seu-

76 3125 197 3181 Ecelesia
210 3127 221 3158 ¹
234 3126 406 3192 remittendo,
427 3136 472 3181 aut
486 3127 567 3195 «quod,
588 3127 649 3182 data
665 3129 716 3185 sibi
737 3129 866 3187 divinitus
921 3123 1001 3179 tentia
1015 3138 1077 3178 reos
1100 3132 1127 3177 et
1147 3123 1366 3193 prevaricatores
1385 3122 1574 3193 obliga13quia
1591 3121 1657 3175 sicut
1681 3118 1707 3175 ti

75 3227 218 3288 potestate,
231 3219 420 3274 desistentibus
433 3219 466 3273 ab
481 3219 577 3275 eodem
598 3236 651 3275 non
672 3223 757 3292 possit
776 3221 865 3278 absol·
918 3231 970 3272 nen
988 3224 1074 3285 potest
1093 3215 1230 3286 suliraqari
1250 3214 1321 3282 quod
1337 3229 1389 3268 non
1404 3223 1445 3268 est
1458 3214 1545 3268 dietus
1569 3226 1706 3279 nunquam

75 3326 147 3373 sere.
165 3314 207 3366 rel
230 3312 422 3378 qroenitentibus
446 3313 577 3377 relaxare.
592 3312 635 3367 cui
652 3313 750 3369 dicitur
765 3331 772 3368 ε
789 3314 866 3382 one·
917 3308 1077 3374 solvendus,
1096 3307 1144 3364 sed
1161 3308 1184 3363 si
1207 3310 1233 3362 iu
1248 3320 1341 3363 errore
1363 3305 1541 3378 permanserit
1556 3303 1708 3359 insolubilis

74 3419 173 3473 eantque
191 3404 338 3459 dimiseritis
362 3419 438 3474 super
455 3415 564 3473 terrum,
580 3407 688 3461 diruisse
706 3416 782 3462 erunr
800 3417 824 3463 er
839 3408 866 3463 in
912 3400 1004 3471 ‚niudis
1018 3399 1144 3455 omnibus
1157 3408 1329 3470 perseuerat,
1343 3411 1393 3452 nee
1406 3404 1494 3465 potest
1508 3395 1569 3452 inde
1584 3394 1635 3450 nisi
1652 3410 1706 3450 nou

74 3496 161 3558 roelir,·
175 3504 366 3565 etqnaerunque
376 3496 500 3550 solveritis
519 3512 597 3561 super
611 3505 721 3564 terrum,
736 3510 809 3554 erunt
823 3515 866 3556 ru·
917 3491 977 3548 talis
992 3490 1102 3547 eileetus
1121 3491 1223 3546 absolui
1240 3508 1247 3556 ;
1266 3490 1304 3546 sle
1326 3492 1449 3561 cntqmm
1464 3489 1639 3558 praejudicare
1652 3502 1707 3544 nou

75 3583 125 3637 lesu
139 3595 164 3638 et
175 3585 202 3637 in
218 3584 287 3637 coelir
310 3582 416 3652 (ιιειιι.
431 3594 508 3651 xvttt,
522 3585 579 3656 l8).
606 3586 634 3641 ln
661 3587 866 3660 quibuscunque
918 3589 1015 3652 potest,
1034 3581 1138 3639 ιειεειει
1150 3580 1249 3638 dietum
1263 3590 1304 3637 est
1319 3596 1452 3651 nunquam
1464 3595 1526 3636 esse
1537 3581 1706 3648 suluertdum,

72 3674 863 3748 umrriasunt,qunntaennquesirrt,etqualiacunquesint:
917 3675 1056 3730 manilesta
1083 3674 1188 3729 ratione
1220 3682 1387 3729 monstrante
1420 3673 1480 3744 quia
1510 3687 1645 3744 nunquam
1672 3675 1708 3727 sit

74 3763 159 3817 veraci
174 3763 350 3817 nibilominus
360 3776 452 3817 eorum
476 3775 602 3820 nranettte
622 3767 788 3833 sententia,⁸
803 3785 865 3839 qne
917 3767 1026 3821 omnino
1039 3766 1193 3830 soluendus,
1206 3766 1227 3820 si
1241 3766 1300 3819 talis
1311 3765 1397 3835 qunfis
1412 3766 1507 3836 ligatus
1522 3778 1564 3821 est
1577 3781 1708 3836 essuper-

74 3867 209 3923 uuuquanr
231 3853 360 3907 soluenda
384 3866 446 3910 esse
459 3853 631 3910 denuntiatur
652 3874 658 3909 :
675 3857 700 3912 in
715 3873 809 3914 eorum
825 3870 865 3916 te·
916 3856 1002 3918 sistat,
1018 3857 1059 3910 tel
1075 3855 1133 3910 tulis
1148 3856 1240 3927 utique
1260 3871 1396 3926 uunquam
1410 3856 1554 3912 solsetrdus
1568 3856 1655 3928 qualis
1665 3866 1707 3912 est

72 3959 138 3999 nore
150 3943 317 4004 cornuum.
333 3960 385 3998 non
400 3945 481 4000 etiam
493 3943 527 3998 ab
539 3945 591 4001 ltoc
605 3946 700 4002 eudem
715 3959 776 4018 post
791 3966 865 4009 reee-
916 3946 1057 4016 obligatus.
1078 3945 1137 4000 lton
1155 3945 1260 4014 adjecto
1274 3956 1375 4013 autem,
1403 3947 1507 4004 etiamsi
1533 3948 1671 4017 resipiscat
1679 3955 1708 4003 ει

73 4032 146 4088 dens.
170 4033 248 4099 erod
262 4034 342 4088 etiarn
355 4033 382 4088 in
404 4033 493 4089 amoti
518 4037 650 4091 sententio
672 4040 866 4098 rationabiliter
915 4042 1042 4110 corrigat,
1056 4049 1147 4108 patere
1162 4052 1271 4109 prorsus
1285 4048 1313 4095 et
1328 4039 1441 4094 liberum
1458 4053 1518 4094 csse
1534 4055 1585 4094 non
1596 4040 1706 4095 dubium

73 4122 230 4180 intuendum
245 4134 296 4191 est,
311 4125 338 4180 in
354 4140 405 4195 qua
428 4127 533 4182 etiamsi
557 4127 584 4182 ci
606 4128 706 4185 dietum
730 4140 781 4197 est,
797 4149 864 4188 nun·
915 4131 1143 4197 sustineretis
1161 4129 1201 4186 eii
1214 4140 1273 4187 ctus
1292 4131 1378 4200 qualis
1402 4146 1536 4197 uunquam
1552 4132 1638 4185 otezus
1663 4142 1707 4188 est

73 4230 205 4285 quemque
213 4216 371 4281 solventium,
383 4231 436 4271 nou
449 4225 491 4272 εει
502 4217 635 4288 adjectum
648 4230 747 4285 tomen,
759 4222 865 4280 etiamsi
916 4243 976 4284 esse
995 4223 1151 4289 soluendus,
1166 4224 1215 4277 sed
1235 4223 1294 4277 talis
1309 4222 1394 4292 qualit
1408 4237 1462 4276 εεε
1482 4232 1525 4278 εει
1536 4224 1623 4277 ιιειεε
1637 4239 1706 4277 utun·

72 4307 229 4376 *iliwiiio
241 4309 347 4362 ‘iiifflssi
360 4307 665 4376 ²b⁰f¹⁰tidi³tesstlits
676 4313 782 4369 etiamsi
797 4330 864 4387 prae·
915 4335 950 4389 qu
959 4335 994 4373 nn
1005 4331 1066 4372 esse
1074 4315 1229 4384 soluendus,
1243 4315 1269 4370 id
1280 4325 1331 4380 est,
1342 4327 1480 4371 correctus
1495 4325 1522 4370 et
1535 4316 1704 4384 emendatus,

76 4399 206 4452 varicator
226 4412 286 4453 esse
310 4398 455 4454 destiteris.
475 4400 645 4472 Quapropter
665 4403 691 4459 in
707 4415 800 4475 aperto
823 4416 864 4461 est
888 4438 891 4443 ·
916 4418 1112 4480 consequenter
1135 4416 1273 4464 correctus
1298 4416 1326 4462 ει
1347 4407 1434 4478 pessit
1456 4407 1535 4463 sutri.
1553 4407 1704 4464 liotuudunt

74 4487 106 4543 ita
124 4489 243 4552 dietum,
259 4505 395 4559 nunquam
416 4493 571 4561 solvendus,
593 4495 640 4549 sed
658 4496 733 4564 talis,
748 4499 861 4565 scilieet,
915 4499 986 4571 qnod
999 4498 1119 4569 quolibet
1137 4512 1236 4569 genere
1260 4497 1508 4568 blasphemantibus
1528 4498 1554 4552 iu
1576 4498 1705 4568 Spiritum

73 4580 154 4645 matrs
171 4586 216 4632 est
239 4588 267 4633 et
294 4581 406 4650 nquttrs,
421 4597 474 4636 non
489 4595 579 4638 autem
601 4585 662 4641 talis
685 4586 797 4644 euectus
811 4591 862 4662 ani
916 4601 1048 4655 sarri-tum,
1061 4591 1083 4647 si
1097 4589 1294 4660 resipiscantet
1306 4589 1453 4659 corrigunt,
1473 4599 1500 4643 et
1515 4589 1558 4643 lie
1577 4591 1616 4643 eis
1630 4597 1658 4644 et
1678 4589 1705 4645 iu

74 4666 139 4723 sicut
152 4670 276 4736 ttqanuns
292 4678 344 4725 uon
363 4681 431 4738 erut,
446 4675 486 4728 sie
508 4667 649 4733 absolutus
673 4693 734 4737 esse
748 4679 862 4736 duceba-
916 4684 1007 4738 l'uturu
1034 4682 1134 4737 sarculo
1160 4672 1334 4746 remitta'tur3
1355 4697 1404 4736 nee
1419 4680 1481 4737 inde
1503 4683 1586 4750 possit
1600 4680 1705 4738 [lumini

75 4765 119 4811 tur.
132 4758 211 4814 Sicut
221 4760 327 4815 carebat
340 4761 513 4833 obliquiooe,
525 4780 586 4821 cum
596 4767 768 4838 obligationis
781 4779 863 4828 eausa
916 4785 1013 4830 nutare
1025 4775 1170 4837 sententia,
1182 4789 1242 4844 quae
1264 4773 1334 4828 circa
1356 4774 1423 4827 tales
1438 4775 1529 4844 utique
1547 4789 1706 4844 pertuunen·

74 4848 200 4903 cerni-eet
215 4867 222 4902 ι
236 4852 276 4906 sic
290 4854 530 4923 utiqueabsoutns
540 4859 679 4927 existeret,
691 4870 822 4929 qnatenus
835 4876 862 4919 rt
918 4878 958 4920 tes
977 4880 1135 4935 permanere
1149 4867 1217 4922 dieta
1233 4873 1290 4934 cst,
1314 4880 1366 4920 non
1390 4868 1460 4921 circa
1485 4881 1538 4923 non
1561 4870 1628 4924 tales
1641 4868 1706 4925 elle-

75 4933 126 5006 lpae
138 4954 193 4994 non
216 4944 375 4998 necessitato
397 4944 477 5000 dicire
500 4950 642 5005 sentcntiae
657 4953 794 5012 videretur
808 4972 860 5011 nou
916 4967 986 5014 ctus.
1001 4956 1124 5023 Quandiu
1137 4966 1226 5012 autem
1239 4957 1267 5013 in
1281 4956 1331 5032 boe
1349 4957 1546 5026 nranenmntes
1563 4969 1626 5016 suut
1639 4976 1705 5033 qna·

76 5041 148 5093 litte
160 5029 361 5099 quodammodo
373 5035 427 5104 jam
443 5037 527 5105 snlri;
541 5037 552 5069 ι
567 5055 627 5094 narn
637 5042 698 5098 talis
712 5045 823 5104 ellectus
836 5059 864 5106 ει
917 5050 986 5104 libus
996 5047 1246 5105 nonremitteudum
1257 5061 1318 5104 esse
1329 5038 1466 5118 praelituur
1479 5059 1529 5105 est.
1539 5048 1605 5107 Cum
1615 5061 1705 5113 autem

75 5115 233 5187 obligatione
256 5135 362 5191 careus,
389 5125 465 5181 [ieret
492 5128 639 5194 absolutus.
653 5141 680 5188 et
703 5135 773 5191 cirea
796 5141 864 5196 tales
916 5144 950 5201 ab
960 5141 1193 5206 bncre'cesserint,
1205 5154 1259 5196 non
1272 5141 1340 5196 tales
1351 5140 1503 5198 eliduntur
1517 5144 1640 5213 qualibus
1651 5161 1705 5202 nou

60 5208 178 5311 *nutu
193 5214 326 5269 senitentia
352 5217 425 5272 nullo
443 5218 524 5274 tnudu
540 5219 714 5281 'insolubilis
734 5230 864 5308 reddere·
917 5218 1105 5291 remittendum
1121 5223 1181 5290 es'ae
1197 5230 1352 5302 praedictum
1366 5241 1416 5286 est.
1436 5231 1468 5287 Ει
1490 5234 1551 5290 ιιεε
1575 5252 1629 5292 uon
1645 5237 1705 5292 tall·

64 5303 122 5393 liff-
133 5300 259 5373 uunquid
274 5308 347 5363 ⁶⁰5¹ss
368 5309 457 5376 utisit,
480 5312 615 5382 quesivit,
627 5319 754 5389 expetiit,
771 5331 798 5380 et
811 5325 860 5380 ab·
916 5325 967 5382 bus
980 5305 1186 5399 effectis⁴p¹otesst
1198 5312 1227 5379 et
1239 5321 1282 5376 irie
1294 5331 1322 5377 ει
1341 5321 1431 5376 irrtrrro
1452 5325 1576 5380 seruiet
1592 5343 1644 5383 nun
1661 5342 1704 5382 re·

107 5455 114 5486 ¹
128 5455 175 5511 llic
189 5457 301 5513 subesse
315 5461 440 5518 mendum
456 5465 575 5533 ridetur,
593 5470 637 5523 cui
652 5471 781 5530 medelam
805 5496 857 5534 non
951 5480 961 5513 ⁸
978 5480 1016 5534 ld.
1032 5477 1106 5545 εει,
1119 5493 1170 5530 non
1185 5476 1368 5545 tuliseliectus.

78 5523 182 5582 aderunt
195 5542 262 5582 mss.
278 5529 407 5587 ilnuuuttt.
954 5551 964 5582 ¹
980 5551 1017 5604 ld.
1031 5547 1105 5611 cod„
1118 5544 1253 5601 Solubilia.

107 5595 168 5694 :iti
186 5601 257 5660 eud,
275 5605 348 5653 rerrtit
360 5603 462 5658 endunt.
954 5621 963 5650 ¹
979 5619 1016 5671 iri.
1035 5617 1107 5680 εει,
1123 5629 1278 5670 meruerunt.

127 5664 247 5730 i.l.cod.,
263 5683 313 5736 qeu
326 5688 466 5736 nunquam.
952 5692 961 5721 ¹
977 5688 1015 5744 ld.
1031 5688 1103 5754 tuti„
1119 5687 1171 5752 ium
1184 5688 1288 5743 remitti.

213 5760 346 5823 Parnon.
371 5763 455 5826 tlx.
