3832 6120
786 129 975 191 Podttetttlt
994 128 1096 186 tttten
1116 128 1146 184 t.

143 263 282 320 uncorum
293 253 386 313 nitido
398 258 575 324 conspergant
589 262 681 321 styma
695 262 807 302 libellus.

176 350 297 408 finient
308 355 397 405 reciet
408 345 480 416 leges
492 352 520 401 et
532 343 631 401 soedert
645 342 704 396 iesti

144 442 281 501 essentis
292 438 421 498 modste
432 438 508 505 uiris,
521 437 589 506 quod
606 437 726 506 protinus
736 449 830 488 omues

145 535 288 606 brripttere
300 532 396 598 simul;
413 537 543 601 peragunt
553 529 677 584 conuiuia
690 528 755 591 leti,

146 627 331 697 Solemnisqttc
346 639 416 679 noto
428 622 501 678 cultu
517 620 668 689 disponitur
680 633 759 680 esus.

146 722 275 776 Transeat
286 715 320 773 ad
333 731 410 773 seros
423 730 483 786 qnae
497 713 603 771 condita
622 711 708 766 torma
722 719 846 780 nepotes.

147 813 197 869 lios
213 821 284 876 erat,
298 820 326 864 et
338 807 453 864 mediant
466 806 612 876 carpebant
625 812 720 858 cuncta
735 802 865 870 quietem,

148 904 298 972 Utttbraque
313 899 423 954 libratas
434 898 490 969 jum
503 897 560 968 jatur
575 896 702 951 diuiserat
717 895 797 948 boras
812 911 818 943 ι

149 996 213 1051 Ecce
228 994 301 1051 tersit
315 993 398 1049 tacito
412 1008 459 1062 per
473 991 531 1046 dira
545 990 648 1046 silentia
662 999 736 1043 moto

147 1090 264 1158 burgelus
275 1096 385 1143 esserto
398 1088 497 1141 missos
509 1085 553 1155 qui
568 1083 661 1137 suniat
673 1095 739 1136 ense
751 1095 759 1134 :

148 1183 198 1237 llcc
212 1179 324 1236 conluta
337 1179 418 1234 datur
429 1177 510 1233 subiti
522 1177 655 1233 sententia
669 1173 743 1233 letiti.

147 1273 230 1326 Omne
245 1269 344 1325 matum
358 1269 406 1324 sed
418 1277 492 1323 sorte
505 1266 592 1332 cadit,
609 1265 740 1335 longeque
752 1261 867 1321 ridetur,

148 1363 228 1428 duent
245 1367 320 1430 petet
332 1358 361 1414 iu
377 1357 493 1414 tenebris
509 1355 610 1426 prallri
625 1353 726 1410 teneris
737 1350 826 1407 ordo:

149 1453 259 1520 llajores
270 1459 333 1505 natn
347 1456 471 1519 pereunt,
483 1446 588 1518 solique
603 1447 727 1516 leguntur

150 1543 185 1596 bd
201 1553 317 1597 mortem
327 1539 429 1610 prietes
446 1537 499 1593 luci
510 1552 578 1608 quos
592 1536 674 1594 edidit
688 1546 771 1590 ortus.

949 247 975 305 Α
989 246 1076 314 Atque
1091 243 1191 299 utinam
1205 256 1298 312 poenas
1314 242 1392 308 tien,
1404 242 1585 314 domuumque
1598 257 1646 314 per
1657 256 1722 300 arta

988 335 1083 390 Ferret
1096 335 1184 390 adbuc
1196 334 1285 390 disiua
1301 349 1407 402 manns,
1424 348 1473 390 nec
1487 333 1581 391 iuuere
1594 343 1669 391 tauto

988 425 1133 494 Deceptam
1147 425 1234 480 subita
1249 433 1389 480 vacuasset
1403 423 1478 480 crede
1489 424 1629 495 tlanopnot
1644 427 1651 477 t

988 515 1108 573 'iattdem
1123 534 1203 587 parce
1216 518 1445 588 uolnerumque
1458 517 1565 587 expelle
1576 516 1671 585 roiute.

989 609 1057 665 [lom
1074 610 1160 666 letior
1178 622 1296 682 strages3
1316 612 1380 667 durtt
1395 613 1535 682 qnisquam
1553 611 1614 668 luce
1626 619 1745 680 tarsun.

990 700 1057 757 liunt
1073 714 1196 774 superest
1208 704 1252 772 qui
1268 713 1340 773 terga
1355 714 1470 774 premnt,
1484 704 1529 774 qni
1544 703 1629 762 limite
1643 706 1745 771 undat,

990 793 1024 848 Et
1036 808 1173 864 nequem,
1188 794 1210 849 sl
1224 793 1294 849 torte
1311 795 1394 850 velint
1406 809 1440 850 ex
1454 796 1537 851 corde
1548 795 1661 865 morari,

989 884 1047 940 Non
1062 885 1134 939 sinat
1146 884 1234 954 ejecto
1249 884 1387 955 depellens
1403 885 1507 956 hospite
1518 887 1634 955 etalem.

990 978 1149 1034 Permoteat
1164 986 1255 1032 noster
1269 987 1391 1033 natorum
1407 978 1501 1035 iuuere
1513 979 1610 1045 luetur.

990 1070 1148 1126 Pertnotett
1164 1079 1189 1124 te
1205 1068 1273 1124 iorte
1288 1078 1363 1137 tnns;
1387 1072 1428 1127 tel
1444 1087 1526 1138 trauca
1541 1082 1697 1142 superstent

991 1162 1115 1231 Pignora,
1129 1177 1190 1232 quse
1203 1171 1291 1216 tentos
1305 1171 1410 1232 tergunt
1424 1174 1529 1218 sertata
1540 1163 1657 1230 dolores,

992 1251 1025 1307 Et
1038 1251 1202 1307 detruncate
1215 1260 1340 1320 reparent
1352 1252 1491 1321 dispendia
1506 1252 1602 1322 gentis.

992 1341 1039 1397 tiis
1052 1341 1131 1397 dictis
1145 1342 1278 1415 lacrymas
1292 1341 1407 1412 populns
1419 1341 1509 1408 dedit;
1526 1343 1585 1414 ipse
1599 1343 1729 1414 superbus

992 1432 1134 1502 Frangitur
1147 1433 1181 1488 ad
1195 1434 1286 1488 lletnm
1301 1435 1437 1504 princeps,
1454 1433 1607 1505 rictntnque
1620 1434 1730 1492 letetur.

1029 1523 1092 1578 linc
1104 1522 1260 1592 perturbata
1274 1524 1323 1580 sed
1337 1522 1401 1579 dum
1418 1528 1564 1580 tractantur
1579 1524 1606 1579 itt
1621 1523 1692 1592 aula,

150 1637 212 1690 Ceut
226 1634 342 1690 dominis
358 1631 449 1687 tomuli
466 1640 593 1701 pereunt,
609 1630 717 1699 natique
731 1632 868 1694 potentum
957 1608 978 1667 Β
992 1613 1098 1669 ttebraet
1112 1625 1202 1669 tatum
1216 1614 1315 1678 ὅῑΰῑίῑθι
1332 1617 1492 1686 Μῦθῑῑῑὲῐιΰθ
1506 1620 1631 1687 ⁸⁰P0s¹¹l⁸

150 1725 283 1782 Permixta
296 1740 357 1779 curn
372 1723 450 1794 plebe
463 1722 564 1779 cadunt
579 1739 585 1774 :
601 1720 642 1776 sic
656 1719 726 1784 tilis,
742 1727 770 1771 nt
784 1717 830 1772 ille

152 1821 233 1886 Quem
249 1817 315 1873 celsi
330 1818 415 1873 tenuit
429 1817 587 1872 morientem
603 1827 719 1883 purpura
734 1809 824 1865 lulcri.

152 1913 211 1969 llere
225 1911 297 1967 noda
316 1912 411 1966 tellttre
422 1910 523 1981 jacent,
540 1909 597 1963 ltuc
610 1905 697 1962 serica
713 1904 814 1967 velant,

154 2005 307 2075 ilisparibus
320 2004 412 2059 stratis
427 2008 584 2056 sternuntur
599 2011 712 2068 corpora
728 1994 811 2050 letlto.

153 2094 206 2150 lion
216 2107 379 2166 quemqnam
393 2105 466 2148 mort
479 2105 555 2160 aequa
570 2090 657 2154 timet,
673 2101 726 2142 non
741 2083 840 2154 excipit
855 2081 924 2136 nllus

155 2188 180 2241 lu
194 2186 264 2242 tisis
278 2194 381 2240 tantum
395 2183 443 2254 qni
457 2182 646 2238 discernuntur
660 2178 788 2233 buttores.

154 2277 280 2347 Preperis
293 2275 328 2331 ad
341 2274 432 2330 ustum
446 2275 518 2331 nul'a
533 2274 632 2343 pietate
647 2279 780 2334 monetur,

156 2368 259 2423 bulbus
276 2377 306 2422 nt
320 2375 413 2437 parcat
431 2365 503 2420 nullo
521 2360 702 2431 corrumpitur
718 2371 795 2415 anre.

157 2457 294 2528 AEgrotnnt
309 2471 404 2523 mnus,
419 2455 568 2524 longaevum
581 2452 673 2522 iunior
687 2460 750 2506 anto

155 2547 263 2618 lligrat:
275 2546 337 2602 tante
348 2544 399 2600 soli
412 2543 493 2599 debet
506 2542 644 2598 conlidere
657 2554 746 2597 nemo.

157 2640 209 2696 llos
223 2649 327 2695 tautum
344 2647 433 2692 tamen
447 2644 490 2692 est
505 2635 681 2704 sibimetque
695 2638 800 2688 mortua
814 2629 925 2695 distent,

159 2728 251 2785 litant
263 2739 291 2784 nt
306 2727 410 2784 meritis
423 2727 469 2798 qui
486 2726 622 2796 complent
636 2733 756 2793 tempora
771 2731 855 2777 sorte.

158 2818 217 2876 ileo
230 2833 367 2890 nunqnam
379 2819 488 2890 penitus
500 2817 579 2874 morti
594 2816 658 2872 iicet
671 2814 785 2883 auferat,
801 2812 866 2870 etsi

152 2910 217 2967 inre
230 2911 372 2981 potestatlt
384 2910 455 2965 lutea
467 2921 596 2979 compage
609 2914 741 2975 creatum,

157 3001 266 3057 Sentine
280 3000 385 3057 mortali
398 3001 528 3071 genitum,
539 3006 673 3068 terraeque
686 2996 836 3062 reductum,

150 3093 292 3148 iustorum
307 3093 336 3147 itt
350 3089 426 3147 iactis
441 3091 515 3147 istite
528 3089 566 3145 nil
579 3088 697 3145 creditur
712 3087 771 3143 ulli.

192 3183 264 3254 Ergo
282 3190 312 3238 ot
325 3195 468 3253 percussas
483 3181 592 3237 soboles
605 3181 716 3236 contusa
731 3186 843 3249 repente

150 3275 225 3330 Atria
237 3275 321 3341 ridet,
335 3282 448 3330 currunt
464 3273 560 3331 dentes
573 3274 607 3330 ad
621 3273 713 3330 lunera
728 3282 837 3338 matres,

149 3363 268 3422 Pectora
282 3365 453 3422 contundunt
464 3368 572 3437 pugnis,
587 3366 729 3435 crinesque
743 3365 876 3419 revellunt

156 3455 306 3528 Unguibus,
319 3466 347 3514 et
360 3459 450 3528 nigras
461 3458 589 3513 testinans
601 3457 724 3511 scindere
738 3455 833 3509 malas.

141 3545 213 3605 tice
225 3550 351 3606 dominos
365 3549 495 3619 planxere
510 3549 566 3615 din,
582 3563 645 3604 ntor
659 3557 771 3617 occupat
784 3560 879 3602 omues

992 1705 1097 1774 Optima
1114 1718 1227 1775 quaeque
1241 1705 1326 1761 sacris
1341 1705 1451 1776 lingunt,
1466 1707 1605 1778 epulisque
1618 1709 1770 1780 requirnnt,

993 1796 1116 1866 vasaque
1130 1797 1335 1868 solemnesque
1351 1806 1465 1868 poscunt
1477 1799 1591 1869 plurima
1604 1801 1702 1857 cultus.

992 1889 1154 1944 Orttanteuta
1169 1889 1261 1954 etiam,
1278 1898 1431 1961 uatesque,
1446 1891 1565 1958 monilia,
1580 1907 1711 1963 gemmas,

995 1978 1028 2034 Ut
1043 1978 1177 2034 reddentia
1193 1987 1286 2050 petent
1300 1997 1306 2034 :
1322 1996 1372 2036 nec
1385 1982 1476 2037 tardes
1489 1984 1642 2040 commodat
1656 1985 1767 2056 torpes,

996 2071 1066 2126 bitat
1078 2081 1105 2126 et
1119 2072 1246 2141 ignorans
1260 2071 1390 2143 trepidam
1402 2089 1496 2129 manns
1506 2076 1602 2130 :emula
1615 2076 1731 2145 plebem.

995 2163 1061 2229 Qnae
1070 2163 1127 2234 jam
1141 2163 1221 2235 digna
1236 2165 1289 2221 tuis
1304 2166 1455 2236 pandantur
1468 2167 1592 2223 laudibus
1601 2183 1660 2238 ora,

996 2255 1107 2313 Summe
1121 2267 1207 2326 pater,
1221 2259 1266 2328 qni
1283 2267 1336 2314 tam
1351 2273 1425 2315 sero
1438 2261 1477 2315 sic
1491 2261 1574 2316 uteris
1588 2261 1683 2319 hostel

996 2350 1098 2405 dtinuit
1109 2351 1248 2418 aduersus,
1263 2352 1374 2423 largitur
1388 2367 1499 2409 munera
1513 2354 1618 2423 nolens,

996 2440 1061 2508 Qure
1074 2455 1166 2498 secuto
1181 2442 1292 2498 dimissa
1307 2443 1409 2510 lerant;
1430 2457 1480 2500 ttec
1494 2445 1602 2502 soluere
1615 2453 1717 2502 tantum

998 2534 1103 2591 Snlsscit
1117 2548 1271 2606 oppressos,
1288 2535 1384 2604 opibus
1398 2537 1516 2593 ditantur
1528 2547 1635 2602 euntes.

998 2625 1204 2698 Thesaurusqno
1218 2642 1302 2682 novos
1317 2627 1427 2684 libertas
1443 2629 1546 2684 reddita
1560 2632 1653 2685 sumit.

999 2717 1071 2774 ieter
1084 2718 1217 2774 ferventer
1231 2718 1337 2774 inimica
1352 2719 1380 2773 in
1394 2719 1459 2775 sede
1473 2719 1577 2776 ierorcs
1680 2724 1685 2733 '

1000 2808 1137 2864 Praedatur
1151 2807 1289 2865 dominum
1305 2810 1419 2880 lugiens,
1433 2811 1553 2882 iallttqnu
1570 2812 1720 2880 videntem,

1000 2901 1163 2956 Praesentem
1179 2908 1285 2968 taenat,
1299 2916 1333 2956 ne
1346 2910 1400 2957 tam
1416 2903 1554 2959 discedere
1567 2904 1657 2974 pulsos

961 2973 985 3037 C
999 2991 1084 3059 Quam
1098 2991 1175 3048 laetos
1189 2992 1319 3063 migrasse
1333 3003 1427 3062 potes;
1443 3001 1583 3063 portantur
1594 2996 1666 3050 atari

1000 3083 1045 3141 Sic
1056 3083 1206 3140 Pharaonis
1221 3097 1297 3154 opes,
1309 3098 1388 3153 qnam
1404 3094 1467 3140 tunc
1481 3084 1605 3141 mercede
1616 3087 1703 3142 solnta

1001 3173 1109 3230 Seruilii
1129 3173 1237 3244 longum
1252 3174 1347 3229 credes
1364 3184 1470 3230 taxasse
1484 3175 1612 3232 laborem.

1001 3264 1199 3335 Nonnunquam
1215 3264 1297 3321 rectis
1310 3277 1337 3321 et
1350 3280 1410 3337 quse.
1428 3268 1562 3324 contraria
1579 3281 1703 3339 prosunt,

1001 3356 1037 3413 ttt
1051 3373 1111 3428 quas
1124 3359 1191 3413 laeva
1203 3359 1289 3413 malus
1301 3358 1396 3425 uoluit,
1411 3367 1510 3415 mutata
1524 3372 1675 3424 recurrunt.

1001 3446 1030 3501 ln
1042 3445 1299 3504 destram'rerteute
1314 3448 1380 3514 ben,
1396 3449 1520 3520 solosque
1533 3460 1662 3508 nocetttes

1004 3536 1050 3593 Vis
1063 3538 1117 3594 odii
1134 3540 1270 3610 perimens
1284 3540 1411 3597 meditato
1424 3544 1453 3596 in
1466 3543 1576 3599 tnlttera
1590 3544 1676 3610 ducit,

140 3634 258 3697 [totns
269 3655 407 3713 quemque
417 3654 494 3705 suus,
505 3650 582 3696 sonat
600 3655 668 3694 nnus
681 3641 707 3694 in
720 3641 820 3695 uthere
835 3639 937 3695 clamor
1002 3629 1036 3685 Et
1048 3639 1140 3699 partos
1158 3630 1233 3687 bretti
1247 3632 1357 3703 laqueos
1371 3633 1510 3691 incurrere
1522 3636 1604 3705 cogit.

140 3724 216 3785 flou
228 3746 284 3787 nno
297 3730 421 3795 endem.
437 3729 577 3786 contundit
591 3743 657 3784 uoce
670 3727 812 3784 tumultum

135 3812 233 3878 suta
248 3836 349 3878 raeatn
361 3836 377 3877 a
389 3829 477 3878 morte
488 3822 598 3886 domns;
613 3829 668 3876 tum
684 3821 783 3878 iumine
796 3820 881 3875 multo

138 3905 235 3968 Omni
249 3920 361 3970 curatur
376 3912 534 3982 populorum
550 3912 629 3967 inuns
644 3912 669 3964 in
686 3911 761 3966 urbe.

135 3995 292 4060 'odicium
309 4004 411 4074 justum
428 4004 500 4073 cogit
514 4018 630 4060 moerere
644 4011 790 4059 merentes.

138 4081 188 4137 Et
198 4091 265 4149 dnm
281 4095 343 4164 quis
358 4097 466 4164 propriu
479 4102 570 4150 serrat
582 4095 699 4149 latuenta
712 4094 808 4159 dolori,

139 4170 312 4256 Exsequias
326 4186 433 4241 tardant
447 4187 542 4254 luctus,
560 4187 749 4257 inhumataque
764 4188 840 4243 turba

144 4259 246 4332 ”data
258 4277 346 4348 jacuit
360 4277 490 4347 tontisper
504 4285 578 4333 sorte
592 4277 721 4346 sepuleri;

148 4352 190 4415 Εἰ
203 4373 257 4428 uisi
274 4372 328 4442 jam
342 4372 449 4428 taudem
463 4386 563 4428 vacuos
576 4374 718 4429 ethonore
732 4382 855 4428 carentes

153 4444 209 4510 Vel
224 4464 296 4519 nuda
311 4464 407 4519 tellure
422 4462 502 4527 lucet,
517 4462 558 4519 vel
573 4472 725 4518 concremet
740 4464 803 4534 igni,

160 4538 214 4602 vi¹
227 4557 341 4610 collecta
355 4568 453 4610 manns
467 4570 526 4625 qoae
542 4564 629 4609 tantos
644 4554 780 4610 clauderet
794 4571 869 4611 urna.

198 4635 265 4699 Tum
282 4660 373 4716 regem
386 4646 486 4700 cirenm
500 4657 634 4699 commoto
649 4660 784 4699 murmure
796 4646 867 4701 sist't

171 4716 257 4788 ¹¹bleta
272 4735 381 4805 editors,
399 4735 499 4792 lutmie
513 4735 674 4804 depromens
689 4750 754 4791 rece
768 4737 902 4806 querelas.

176 4806 254 4881 ¹ltus!
271 4828 383 4881 nintinm
400 4827 498 4881 uostris
513 4826 623 4881 adversa
638 4826 754 4896 potentia
769 4829 849 4881 rebus

183 4898 271 4972 ¹lebrari
285 4918 384 4988 populi,
400 4918 479 4972 toties
492 4918 534 4972 etti
549 4917 653 4972 uindice
667 4919 760 4972 dextra

187 4989 261 5061 luitur
272 5021 353 5062 omne
367 5008 477 5072 malunt,
493 5015 563 5061 totns
574 5007 619 5063 ctti
632 5008 747 5078 deniqne
762 5007 877 5063 ntundus

191 5085 281 5167 Ptutat,
296 5111 323 5156 et
336 5101 406 5157 irato
419 5100 566 5157 succedunt
581 5117 707 5172 prospera
723 5102 801 5158 coelo.

182 5179 226 5246 dit
235 5192 354 5264 quaedam
367 5202 472 5250 secreta
486 5193 545 5260 Dei,
556 5194 695 5265 majorque
706 5203 825 5264 potestas

192 5269 237 5338 dcc
247 5283 274 5339 itt
286 5293 393 5354 sceptra
409 5284 483 5351 lucit,
497 5294 656 5355 gentemque
668 5286 805 5341 ulciscitur
820 5285 904 5355 ipsam

191 5366 251 5433 litu
262 5376 381 5447 jactura;
397 5376 470 5432 solos
484 5378 622 5447 pereuntia
637 5377 741 5433 saltant

189 5464 294 5527 lictores
307 5470 442 5526 elementa
456 5485 530 5537 suos,
543 5472 728 5540 redimuntque
742 5470 872 5525 cadendo.

196 5561 297 5636 injacet
311 5561 451 5633 AEgyptns
467 5578 517 5618 uec
529 5563 583 5635 jam
597 5563 754 5636 reparabilis
770 5563 850 5620 ultra.

294 5656 432 5719 Pttttot.
454 5655 537 5719 Lttt.

1039 3723 1145 3790 egressi
1159 3724 1261 3779 interea
1277 3724 1381 3795 trepido
1394 3724 1430 3780 de
1443 3740 1505 3796 rege
1518 3727 1632 3782 mittistri

1002 3819 1172 3891 compellent
1183 3821 1273 3878 celare
1287 3820 1386 3890 ingene
1399 3829 1551 3891 coguntque
1562 3822 1695 3892 volentes,

1004 3910 1174 3981 Preetpitanr
1187 3911 1301 3979 alacres,
1317 3919 1345 3965 et
1355 3909 1542 3967 festinantibus
1556 3912 1670 3980 instant,

1003 4006 1195 4076 Pellendasqoe
1206 4013 1300 4076 putant
1314 4005 1389 4075 pulsa
1404 4019 1464 4060 eunt
1476 4014 1556 4076 gente
1567 4006 1669 4063 ruinas.

1003 4098 1062 4153 iam
1076 4112 1160 4169 prope
1173 4107 1316 4153 centenum
1332 4097 1514 4165 compleuerat
1527 4097 1629 4152 advena
1645 4099 1759 4155 instrum

1005 4189 1032 4244 ln
1048 4190 1148 4258 regnis,
1162 4187 1289 4259 AEgypte
1305 4188 1365 4252 tuis,
1379 4202 1415 4243 ex
1432 4195 1552 4257 tempore
1565 4189 1698 4259 qnondam

1004 4282 1063 4350 Quo
1076 4282 1180 4351 prisetts
1195 4278 1344 4349 patriarcba
1359 4278 1442 4334 taeob
1458 4278 1619 4348 perunxere
1631 4280 1695 4336 illuc

969 4340 995 4401 ὓ
1008 4375 1052 4429 Bis
1065 4389 1129 4430 setta
1146 4387 1206 4427 eum
1220 4372 1296 4440 prole
1307 4372 1427 4438 domum,
1442 4384 1572 4441 carosque
1587 4381 1710 4441 nepotes,

1008 4465 1066 4533 Quo
1080 4480 1126 4534 per
1143 4461 1285 4518 lecttndttrn
1299 4470 1441 4517 creverunt
1455 4461 1538 4515 millia
1556 4470 1668 4530 patrem.

1009 4555 1129 4610 Procedit
1145 4553 1252 4609 tandem
1267 4553 1390 4623 populns,
1407 4568 1522 4624 ruotque
1535 4554 1641 4623 agmine
1651 4556 1746 4623 juncto

1010 4646 1097 4700 illrum
1112 4646 1207 4715 linquit
1222 4645 1331 4700 ltntnnm
1348 4645 1464 4701 tenebris
1478 4660 1510 4700 ac
1523 4646 1638 4701 luctibus
1657 4647 1761 4705 orbam

1010 4738 1074 4793 Nam
1090 4738 1175 4792 ticina
1188 4739 1244 4793 dies
1260 4738 1377 4793 nondum
1392 4739 1556 4808 produxerat
1570 4752 1662 4795 ortns:

1009 4831 1072 4885 lime
1085 4846 1137 4886 nox
1152 4832 1218 4886 testa
1233 4832 1289 4886 lieo
1301 4831 1474 4887 redeuntibus
1487 4848 1574 4887 annua
1589 4833 1673 4888 saeris

1011 4923 1073 4978 llaec
1087 4924 1173 4992 gentis
1188 4923 1316 4977 solemnis
1331 4924 1393 4988 erit,
1405 4938 1465 4990 quar
1479 4924 1592 4979 soluitur
1604 4925 1690 4980 hoste.

1045 5010 1136 5067 Primo
1148 5013 1308 5083 conspicuus
1321 5012 1440 5084 fulgebat
1453 5014 1479 5068 in
1494 5015 1588 5068 ordine
1599 5015 1694 5070 ductor

1012 5104 1126 5175 Legiier,
1139 5105 1266 5174 adjnueto
1279 5105 1435 5174 praecedens
1447 5105 1552 5175 agmina
1565 5105 1657 5164 tratre.

1014 5197 1154 5269 Postqnos
1167 5197 1300 5268 belligerae
1312 5197 1456 5266 disponunt
1470 5211 1544 5251 arma
1558 5196 1695 5262 cobortes,

1014 5292 1119 5346 onenut
1131 5298 1159 5343 et
1170 5289 1272 5344 validas
1282 5290 1412 5344 instructo
1425 5288 1522 5344 robore
1536 5298 1649 5344 turmas.

1013 5384 1094 5437 bruta
1110 5380 1197 5436 ierunt
1214 5378 1343 5442 inumeris,
1359 5393 1438 5434 enses
1451 5394 1498 5450 per
1510 5381 1614 5451 singula
1626 5380 1695 5434 levo

1016 5470 1171 5542 Dependent
1183 5470 1270 5536 lateri,
1286 5483 1379 5537 presso
1393 5480 1448 5526 turn
1464 5471 1563 5527 terties
1577 5469 1661 5525 cassis

1015 5562 1120 5634 Fulget,
1135 5571 1161 5619 et
1176 5560 1274 5618 albenti
1286 5571 1371 5617 certat
1384 5563 1431 5617 lnr
1443 5561 1528 5617 terea
1543 5561 1623 5615 inne.
