3816 6120
59 246 93 301 dl
665 227 840 285 El‘lSTOLAE
861 225 904 283 ut
925 222 1096 279 edobola.
1660 217 1702 279 gp

57 359 118 412 suis
133 351 344 409 iubilationibus
365 348 482 405 sirornm
501 354 581 416 atquc
597 344 769 410 lerninarum,
785 344 854 398 sient
871 340 972 404 surlet
991 338 1129 394 menoltee
1153 341 1247 396 ‹loosse
1266 352 1435 406 eotttperero.
1454 354 1503 406 pro
1517 354 1577 394 nico
1592 342 1701 398 tttttdolo

59 455 185 506 sanctum
206 445 375 514 propositum
396 440 485 511 decet,
506 445 668 493 exerceatur
688 435 856 501 circumspe-

58 552 106 599 cla
128 540 246 597 devotio.
260 537 360 592 Contra
374 547 505 589 canottunt
519 530 664 585 crtuolitula
679 529 768 583 nullus
780 526 854 595 (Nic.

60 651 101 697 tx,
121 631 158 701 x)
173 630 206 685 ad
223 625 434 685 ecclesiasticum
449 621 619 692 permutatur
637 618 683 692 [al.
696 631 855 687 promorea-

61 722 121 796 tur}
135 722 253 779 ollicium
269 734 343 775 :non
356 714 518 785 ignoraturis
529 714 674 783 provincie
686 709 856 777 uniuscuius-

60 834 117 887 que
132 815 293 879 rectoribus,
310 826 359 866 nec
374 810 407 865 de
427 806 571 878 praeteritis
591 820 620 860 se
642 804 746 859 reniam
765 818 859 871 reper·
885 859 888 864 ,

63 917 144 964 turos
159 902 307 968 erroribus,
331 902 353 957 si
378 899 506 967 deinceps
525 896 754 952 dissimulaverint
772 894 857 948 vitare

63 997 215 1071 patelactos
230 1013 237 1048 :
250 1008 300 1049 nec
319 990 501 1046 excusationis
521 989 670 1044 decaetero
693 986 859 1054 relinquetur

64 1091 187 1152 occasio,
208 1087 230 1142 si
251 1093 312 1156 post
331 1092 464 1154 praecepta
485 1081 640 1152 presentia,
655 1095 716 1150 qua
736 1093 783 1148 per
804 1079 859 1132 llo-

68 1182 171 1237 mnlmn
185 1178 339 1243 diaconum,
354 1174 430 1244 cujus
445 1172 582 1229 solertiam
598 1187 646 1242 pro
661 1169 712 1224 lids
727 1168 858 1223 catbolica

69 1283 99 1328 et
118 1287 166 1342 pro
186 1268 316 1338 religione
340 1263 504 1335 vigilantiam
526 1262 679 1334 gratissime
702 1261 861 1329 comproba·

68 1377 142 1427 mus,
158 1360 284 1418 duximus
301 1355 460 1413 destinanda
475 1354 594 1425 quisquis
615 1366 696 1423 saper
713 1350 757 1405 bis
775 1352 862 1404 omati-

65 1458 118 1511 bus
132 1464 179 1508 aut
193 1461 364 1520 couternptor
375 1458 422 1505 aut
435 1447 573 1519 negligens
584 1445 799 1516 deprehendetur
813 1458 863 1497 an-

910 429 1126 501 suggestionibus
1150 429 1308 498 opportunis
1335 432 1460 498 supplere
1480 431 1625 488 contemto.
1643 433 1700 487 nis·

910 521 1068 592 pensatione
1087 524 1187 576 etenim
1201 522 1266 575 milti
1282 520 1364 575 diuini
1377 521 1509 576 sermonis
1523 522 1654 588 injuncta.
1664 539 1702 579 me

910 616 973 669 ntiln'
983 624 1029 677 est,
1042 617 1064 669 tt’
1078 632 1129 669 rien
1145 615 1349 684 coangelum-ero
1364 612 1392 682 ll
1407 613 1466 669 Cor.
1479 615 1533 686 ts)!
1546 616 1622 692 Qtrod
1640 632 1700 671 cnm

911 723 957 762 ras
978 707 1117 763 electionis
1140 708 1234 761 beatos
1255 707 1350 761 l‘rttdns
1374 708 1510 776 apostolus
1530 708 1656 764 lormldet
1675 721 1704 765 et

910 799 1017 865 clantct,
1035 800 1119 854 ritulto
1135 798 1219 867 tnagis
1237 798 1302 852 utini
1317 801 1412 868 exiguo
1426 799 1599 854 ntctucndutu
1614 812 1665 866 est,
1680 804 1703 856 si

911 890 1039 948 divinitus
1053 895 1063 924 ⁷
1078 893 1253 963 inspiratum,
1276 900 1304 945 et
1324 903 1433 961 ptaterna
1454 891 1598 948 devotione
1614 903 1704 948 tratis·

912 987 1036 1050 naissum,
1051 987 1212 1041 subtraxero
1231 985 1408 1039 ministerium
1422 986 1595 1055 praedicandi.
1614 987 1703 1040 l'ieta·

913 1086 967 1132 tem
983 1087 1054 1131 tuam
1071 1092 1167 1144 precor
1180 1092 1215 1132 ne
1231 1077 1411 1145 arrogantiam
1427 1078 1529 1146 jndices
1545 1079 1643 1134 diuinae
1659 1095 1705 1134 ra-

912 1165 993 1221 tionis
1003 1166 1133 1222 ollieium.
1148 1168 1236 1236 Absit,
1249 1183 1349 1237 qtraeso.
1364 1184 1379 1220 a
1395 1168 1515 1224 llontaoo
1531 1170 1661 1240 ptrineipe,
1675 1180 1705 1225 ut

913 1259 1064 1335 intimatam
1088 1261 1144 1314 suls
1168 1260 1294 1314 sensibus
1308 1260 1448 1314 ueritatem
1470 1260 1614 1318 arbitretur
1634 1265 1704 1331 inin·

913 1350 990 1404 riam
1000 1322 1067 1429 [υιιο
1080 1350 1092 1382 ⁸
1104 1350 1203 1420 qttippe
1215 1360 1287 1414 suut,
1304 1353 1450 1419 imperator
1463 1353 1592 1423 llugttste,
1607 1357 1705 1426 quibus

914 1428 1099 1511 principaliter
1123 1441 1239 1497 mundus
1265 1443 1308 1497 bic
1329 1442 1431 1514 regitur
1446 1460 1454 1498 ε
1467 1445 1611 1500 auctoritas
1629 1461 1705 1504 saera

66 1552 157 1605 sistes.
174 1547 335 1603 sicutenim
354 1543 388 1599 ad
411 1542 484 1599 sedis
502 1541 658 1611 apostolice
677 1538 861 1594 moderamina
915 1534 962 1606 [al.
978 1532 1094 1605 sacrata]
1111 1534 1277 1602 pontibcum,
1295 1543 1322 1588 et
1336 1535 1436 1603 regalis
1448 1544 1579 1605 potestas.
1600 1537 1628 1593 ln
1644 1539 1705 1608 qni.

70 1640 201 1711 pertinet,
215 1639 319 1691 cernetis
341 1632 547 1690 sollicitudinem
568 1631 686 1686 debitam
707 1629 862 1684 ministrare
916 1622 965 1678 bus
987 1632 1060 1678 tanto
1080 1626 1189 1693 gravius
1210 1633 1253 1680 est
1276 1625 1381 1694 pondus
1405 1626 1585 1694 sacerdotnm,
1606 1642 1706 1699 «garamo

69 1737 254 1799 cougrttenter
271 1723 417 1789 Eccles³is;
432 1723 468 1778 ita
482 1737 593 1779 neeesse
612 1729 665 1786 est,
681 1728 710 1774 ut
724 1721 750 1774 io
766 1731 862 1775 comu-
877 1723 901 1784 Β
915 1720 994 1772 etiam
1010 1733 1060 1787 pro
1075 1720 1139 1789 ipsis
1154 1719 1284 1789 regibusl
1299 1720 1414 1775 Domino
1429 1721 1454 1774 in
1470 1722 1563 1776 diuino
1578 1722 1707 1781 reddituri

73 1836 167 1877 matoes
179 1829 207 1874 et
225 1818 332 1874 desides
351 1816 475 1871 traditam
490 1815 541 1870 sibi
562 1814 692 1868 divinitus
714 1827 768 1867 nou
784 1812 863 1868 dissi·
915 1821 976 1864 snut
994 1812 1117 1866 examine
1130 1817 1272 1866 rationem.
1290 1812 1363 1867 Nosti
1377 1815 1487 1880 etenim,
1503 1815 1541 1870 lili
1554 1817 1707 1873 clementi„

72 1913 159 1968 ntulet
173 1918 344 1981 potestatem.
358 1909 424 1963 Data
439 1906 557 1962 calendis
577 1904 747 1969 Novembris,
766 1903 863 1958 Albino
915 1902 995 1969 sitne,
1008 1904 1079 1973 quod
1094 1903 1156 1958 lieet
1171 1905 1316 1971 praesideas
1332 1906 1450 1961 humano
1463 1911 1554 1977 generi
1567 1910 1707 1980 dignitato,

70 2007 134 2061 siro
146 2003 298 2060 clarissimo
309 2002 419 2056 consulo
432 2001 514 2069 (antro
527 1997 627 2053 Christi
640 1997 714 2065 595).
916 2007 1006 2047 ret-um
1019 2003 1107 2047 tartten
1120 1994 1278 2063 oonsulibus
1289 1994 1437 2049 divinarum
1450 1998 1708 2056 ilerotttscoltamn·

339 2141 352 2168 a
367 2128 530 2187 epistota
552 2127 607 2183 epp
916 2083 1010 2148 mittis,
1026 2093 1108 2153 atque
1125 2084 1159 2139 ab
1183 2085 1223 2140 eis
1243 2100 1338 2141 caatsas
1356 2096 1407 2141 tuae
1429 2087 1525 2145 salutis
1546 2091 1649 2161 expetis
1661 2092 1707 2166 lot.

250 2243 284 2282 A„
302 2239 467 2279 mmm
487 2167 685 2278 mnfflm·
917 2178 1081 2252 exspectas],
1095 2179 1176 2249 itique
1190 2181 1329 2236 sumendis
1344 2183 1499 2239 coelestibus
1519 2192 1706 2255 sacramentis,

73 2316 215 2373 Proentisto
239 2319 401 2371 excusatione
423 2330 468 2367 retr
484 2312 518 2366 ed
533 2311 712 2382 imperatorem
732 2328 783 2365 non
801 2312 865 2366 rcri-
917 2270 1011 2339 eisque
1031 2272 1072 2342 (m
1094 2272 1233 2342 mmm)
1253 2272 1442 2343 dismnendss’
1465 2275 1543 2331 ⁸¹¹bd¹
1566 2285 1592 2333 ¹⁰
1611 2279 1710 2338 mem

110 2390 199 2458 puerit,
215 2388 290 2440 illum
304 2391 418 2438 bortatur
430 2395 458 2436 ut
472 2386 620 2454 apostolice
633 2383 688 2435 sedi
702 2382 865 2452 obtemperet,
917 2362 1057 2432 ⁰⁰ss¹¹⁰⁸⁰i⁵
1082 2361 1222 2433 '0585005’'
1245 2363 1341 2420 0fdi¹¹0
1365 2367 1453 2433 potius
1475 2382 1554 2437 (imm
1582 2385 1709 2440 Pfffiesssse·

113 2469 148 2521 et,
160 2456 249 2510 diecti
268 2455 370 2512 tremine
389 2457 523 2520 damnato,
538 2451 712 2507 Ecclesiarum
726 2468 815 2524 pacem
826 2464 865 2508 re·
917 2453 991 2510 llo-ti
1006 2455 1095 2526 itaque
1114 2456 1185 2511 inter
1196 2456 1263 2523 haer,
1287 2471 1320 2512 ex
1343 2457 1450 2514 illorum
1472 2468 1498 2516 tc
1513 2464 1598 2530 pem'e
1613 2465 1711 2535 ejusli-

112 2530 266 2582 ⁸¹5¹⁸⁰¹d⁰''²
278 2535 361 2581 ‘um'
918 2545 972 2611 cio,
993 2561 1046 2602 uon
1064 2547 1124 2602 illos
1144 2547 1177 2603 ad
1195 2559 1268 2603 tuam
1288 2549 1358 2605 velle
1383 2551 1468 2621 redigi
1481 2553 1656 2610 uoluntatem.
1683 2556 1711 2612 Si

115 2643 124 2674 ¹
138 2641 261 2698 Gelasius
274 2642 414 2711 episcopus
427 2639 461 2694 ad
473 2639 645 2695 Anastasium
660 2641 817 2711 Augustum.
920 2638 1004 2704 euim,
1023 2648 1152 2708 quitatum
1174 2639 1207 2694 ad
1231 2640 1353 2695 ordinem
1375 2646 1491 2711 pertines
1506 2645 1619 2714 publicae
1634 2646 1712 2707 disc:-

113 2734 215 2790 Fautuli
230 2743 326 2789 restra
340 2732 457 2802 pietatis,
473 2733 520 2787 lilii
536 2733 598 2799 mei,
612 2732 727 2788 Faustus
742 2734 869 2803 magister
919 2730 1010 2800 plina,
1026 2739 1221 2800 cognoscentes
1232 2712 1377 2803 imperium
1394 2734 1440 2790 tibi
1464 2751 1581 2806 superna
1596 2738 1711 2810 disposi-

82 2824 235 2883 eliremrus
258 2827 308 2881 riri
329 2825 459 2892 illustres,
474 2838 554 2896 sturae
574 2841 667 2881 eorttm
685 2826 799 2882 clamites
821 2841 869 2896 pu·
921 2823 993 2877 tione
1008 2821 1147 2888 collatum,
1164 2822 1266 2893 legibus
1286 2824 1337 2880 tuis
1357 2825 1406 2894 ipsi
1420 2842 1527 2896 pungne
1542 2838 1637 2899 parent
1650 2833 1713 2888 reli·

85 2917 147 2974 blica
168 2920 302 2991 legatione
325 2921 476 2990 iungentes,
501 2920 533 2973 ad
558 2919 656 2976 Urbem
680 2920 792 2989 reversi,
815 2921 869 2976 cle·
919 2916 1007 2988 gioois
1026 2916 1170 2980 antistites,
1187 2931 1221 2970 nc
1236 2917 1277 2971 rel
1294 2918 1319 2971 in
1341 2917 1421 2972 rebus
1434 2920 1576 2975 rttrtndanis
1596 2921 1714 2980 exclusae

86 3010 206 3066 mentium
222 3019 338 3066 vestram
361 3011 491 3081 quaesisse
514 3010 636 3066 dixerunt
656 3008 703 3084 [ul.
718 3010 867 3084 dicontur].
884 3062 887 3071 ,
921 3008 1065 3064 rideantur
1077 3007 1186 3063 obviare
1201 3009 1359 3074 sententiae3
1375 3025 1428 3078 quo
1440 3010 1530 3081 (rogo)
1542 3019 1568 3067 to
1582 3013 1658 3071 decet
1672 3016 1714 3070 at.

89 3115 131 3159 eor
142 3103 175 3158 ad
194 3119 243 3160 soa
262 3118 331 3159 meze
349 3101 517 3159 salutationis
536 3103 638 3172 scripta
662 3119 714 3159 non
735 3104 865 3159 utiserim.
881 3099 904 3163 G
920 3100 990 3158 lectu
1006 3101 1045 3157 eis
1068 3100 1190 3166 obedire,
1214 3101 1259 3170 qui
1281 3116 1330 3171 pro
1354 3103 1497 3172 erogandis
1516 3106 1714 3163 reiterabilibus

91 3192 139 3249 lion
158 3211 231 3263 meu,
247 3194 343 3259 fateor,
360 3193 498 3260 iustituto;
513 3193 561 3249 scd
575 3210 636 3249 cum
656 3194 751 3250 directi
765 3195 868 3251 dudum
922 3202 984 3249 sunt
997 3193 1119 3248 attributi
1139 3193 1296 3265 mysteriis?
1311 3193 1426 3249 Proinde
1445 3197 1513 3250 sicot
1533 3213 1586 3252 non
1602 3198 1715 3256 let-edi-

93 3286 120 3342 dc
132 3287 251 3357 partibus
264 3285 382 3341 Orientis
400 3285 441 3340 rel
461 3283 566 3341 videndi
588 3300 632 3340 me
650 3286 794 3353 licentiam,
820 3288 872 3342 sibi
923 3286 1039 3340 serimen
1055 3285 1185 3340 incumbit
1200 3285 1387 3353 pontificibus,
1403 3287 1510 3344 siltrisse
1524 3305 1573 3359 pro
1588 3292 1715 3348 bitittita-

93 3378 176 3435 tubis
187 3377 412 3449 preceptionibus
425 3377 595 3449 abnegatam.
611 3387 666 3435 tota
683 3377 756 3435 llrbe
769 3380 873 3449 disper·
923 3376 957 3430 tis
970 3376 1056 3442 cultu,
1067 3374 1138 3446 quod
1151 3376 1289 3445 congruit;
1304 3376 1339 3431 ita
1354 3375 1486 3447 ltislqnod
1498 3380 1579 3454 absit)
1595 3398 1646 3437 non
1658 3400 1715 3443 rne-

94 3469 207 3538 seriut,a
227 3470 327 3526 litteris
342 3468 444 3525 credidi
463 3470 679 3539 temperandum,
696 3485 729 3526 ne
742 3485 874 3526 onerosus
923 3466 1015 3522 diocte
1028 3467 1176 3536 perieulum
1197 3477 1250 3533 cst,
1264 3467 1320 3538 qtti,
1333 3483 1394 3523 cunt
1412 3484 1506 3538 parcre
1522 3472 1647 3543 debeant,
1667 3477 1716 3533 tle-

95 3562 262 3633 potiusquam
277 3560 415 3617 olliciosus
431 3560 587 3616 existerem.
603 3561 707 3617 llidetis
725 3563 806 3632 igitur
819 3576 872 3617 tion
923 3554 1049 3627 spiciunt.
1066 3558 1134 3613 Etsi
1148 3558 1427 3629 cunctisgeneralitcr
1441 3562 1628 3621 sacerdotibus
1641 3577 1715 3623 reete

96 3665 144 3709 mea
169 3654 386 3711 dissimulatione
416 3655 593 3724 provenisse,
620 3655 668 3710 sed
694 3655 874 3726 competentis
923 3650 1013 3705 divina
1037 3650 1226 3717 tractantibus,
1253 3650 1372 3707 lidelinm
1397 3654 1523 3709 contenit
1546 3657 1626 3712 eorda
1652 3660 1718 3715 sub·

97 3741 167 3803 luisse
177 3747 302 3813 cautelae,
322 3758 357 3801 ne
368 3744 556 3813 respuentibus
574 3746 671 3801 animis
686 3746 822 3802 molestias
837 3747 874 3801 ir-
924 3744 1004 3808 mitti,
1017 3755 1117 3813 quatuo
1128 3746 1218 3813 potios
1232 3742 1385 3799 sedisillius
1397 3746 1505 3813 praesttli
1517 3762 1665 3806 consensus
1675 3760 1718 3807 est

97 3845 217 3910 rogarem
244 3836 298 3893 Sed
327 3839 373 3894 ubi
399 3837 552 3893 serenitatis
581 3846 634 3892 tuae
659 3836 873 3892 benevolentiam
924 3833 1103 3902 adbibeudus,
1119 3849 1198 3905 quem
1213 3833 1317 3890 cunctis
1340 3837 1525 3893 sacerdotibus
1545 3850 1572 3894 et
1587 3839 1717 3897 llinittltas

97 3926 211 3996 comperi,
227 3928 345 3996 praelatis
357 3928 549 3994 iudicantibus,
564 3926 722 3981 bumilitatis
737 3942 804 3982 meae
818 3926 873 3980 cle·

99 4027 188 4074 ueniter
202 4020 337 4089 expetisse
362 4033 528 4083 serationem,
548 4017 604 4088 jam
618 4033 711 4073 rerera
734 4016 872 4088 perpendi,

103 4103 299 4179 'imputandum
313 4123 366 4163 non
379 4109 514 4164 immerito
525 4108 601 4172 mibi,
617 4107 640 4164 si
653 4117 786 4175 taeercm;
800 4107 873 4178 guia,

98 4194 201 4264 gloriose
223 4198 273 4265 lali,
287 4198 337 4254 ⁸te
352 4201 421 4256 sicut
444 4199 582 4255 llomanus
596 4197 644 4272 [ul.
663 4198 767 4272 lloma]
780 4211 872 4265 uatus,

100 4286 237 4345 llomanuru
252 4290 399 4362 principem
414 4306 485 4358 amo,
501 4293 571 4358 colo,
587 4291 742 4360 ‘suseipim
757 4299 784 4347 et
805 4292 875 4347 sicut

925 3941 1027 3983 sumum
1048 3928 1130 3983 rttluit
1148 3931 1336 3999 praeminere,
1356 3940 1384 3985 et
1405 3933 1571 4000 snbscmrens
1590 3936 1717 3994 Ecclesiae

924 4021 1059 4091 groera'is
1075 4022 1275 4092 jugilorpietas
1301 4020 1469 4077 celebrarit?
1493 4023 1543 4079 Ubi
1564 4027 1650 4093 pietas
1673 4037 1718 4085 tua

926 4114 1065 4170 evidenter
1087 4114 1211 4177 atlrertit,
1238 4128 1374 4180 rtunqnam
1397 4113 1519 4181 quenlibet
1540 4115 1646 4182 pertitus
1669 4119 1719 4175 bu·

927 4220 1007 4262 mano
1022 4204 1134 4262 consilio
1149 4204 1256 4259 elevare
1270 4219 1300 4258 so
1313 4219 1473 4273 artemonem
1490 4220 1570 4275 posse
1582 4207 1654 4264 illins
1664 4213 1720 4281 pri·

926 4297 1025 4367 vilugio
1039 4294 1082 4352 rel
1103 4294 1285 4361 cottiessioni,
1304 4310 1383 4365 quem
1408 4296 1507 4352 Christi
1526 4313 1577 4352 ror
1603 4303 1721 4369 ptraetuiil

98 4376 265 4451 Christianus,
280 4396 342 4435 eum
358 4396 391 4437 eo
403 4384 447 4453 qtti
458 4384 545 4438 zelum
559 4383 607 4438 Dei
622 4381 712 4448 babel,
727 4384 874 4439 secundum
927 4389 1069 4453 ttttirersis.
1080 4403 1159 4458 quem
1172 4388 1291 4444 Ecclesia
1307 4390 1458 4444 l'bttel‘llllllll
1475 4394 1596 4447 corilessa
1612 4409 1718 4466 semper

97 4472 226 4527 seientiam
249 4473 368 4528 veritatis
383 4473 504 4530 ’ltabere
519 4473 644 4531 desidero
660 4492 666 4525 :
681 4484 709 4529 et
722 4475 875 4545 qualiscuu·
892 4464 981 4547 Desa,
1003 4490 1031 4537 ει
1050 4480 1130 4535 tranet
1154 4479 1249 4535 devota
1265 4481 1417 4549 politeuma.
1433 4479 1525 4547 lingent
1546 4495 1659 4550 ,tosseim
1673 4489 1721 4543 pu.

95 4577 141 4632 gue
152 4565 307 4636 apostolicae
331 4564 404 4620 sedis
422 4565 550 4632 sicarius,
568 4566 579 4598 ⁸
596 4565 774 4637 quodcunque
788 4567 876 4639 pleae
930 4573 1017 4630 mauis
1031 4572 1282 4644 presumptionibus
1293 4570 1526 4642 quadirinosunt
1538 4572 1639 4643 jrrtlteio
1656 4593 1722 4634 ctari-

124 4738 136 4767 ·
150 4728 217 4785 Cum
229 4728 301 4785 circa
316 4728 395 4785 baem
407 4729 468 4784 unni
480 4728 700 4786 tuslbeodmtu
715 4730 784 4800 regis
797 4730 878 4802 legati

91 4796 318 4868 Constantinopoli
338 4800 523 4864 revertissent,
548 4811 628 4867 atrgtte
650 4815 681 4854 ca
698 4817 759 4871 ettae
780 4803 814 4856 ab
830 4807 880 4856 int·

91 4882 211 4940 peratore
226 4871 370 4925 Anastasio
384 4882 541 4940 acceperant
556 4869 662 4926 Gelasio
677 4886 752 4940 gtapae
764 4873 881 4926 nuntias

89 4952 158 5002 serit.
175 4942 233 5009 ipse
250 4941 372 4994 Gelasins
392 4943 583 5010 apologeticam
599 4943 739 5009 epslnlam
762 4942 831 4996 banc
847 4944 879 4997 atl

88 5012 212 5066 etttttdem
227 5012 396 5065 anastasium
416 5013 585 5078 conseripsit,
599 5026 658 5081 qttae
680 5011 705 5065 in
725 5015 881 5080 capitulari·

90 5083 139 5135 bus
150 5082 225 5152 regni
241 5080 403 5135 Francorum
416 5082 514 5137 citatur
527 5082 571 5136 lib.
583 5096 612 5148 r,
625 5097 685 5151 cap.
701 5082 763 5138 lot.
775 5083 822 5137 llis
837 5086 880 5139 lit·

90 5153 153 5207 teris
169 5151 325 5220 persuaderi
342 5168 394 5205 non
409 5151 504 5222 potuit.
520 5161 549 5206 ut
567 5164 671 5205 remom
684 5151 772 5215 obire,
789 5155 881 5210 [icele-

88 5224 136 5277 siis
150 5228 275 5277 ursionem
289 5231 317 5276 et
326 5235 421 5293 pacem
435 5223 571 5278 redderet.
581 5222 689 5277 Obstitit
704 5222 879 5293 Eupbernius,

123 5330 205 5413 fill„
225 5328 418 5387 Giurioaiasimo
437 5332 586 5405 imperatori
607 5331 743 5388 damtosio
762 5330 880 5389 Getulis

90 5416 239 5526 ‘ijegggx
253 5469 366 5538 Capituli
379 5470 543 5528 Veronensis
554 5481 735 5543 pervetustus,
751 5489 812 5532 cnm
824 5491 878 5547 ntro

91 5542 187 5596 collata
202 5549 245 5595 cst
259 5543 317 5595 lucc
329 5542 452 5608 cgristola,
466 5544 528 5614 legit
541 5544 722 5616 reputandum.

128 5612 139 5642 ³
155 5612 192 5664 nl.
208 5616 282 5672 cod„
295 5620 318 5664 et
328 5615 403 5665 sicut.

128 5680 139 5710 ⁸
154 5680 192 5736 ld.
207 5683 268 5736 cod.
285 5683 403 5747 auspicio.

234 5777 369 5836 i'arrtox.
393 5777 473 5838 uix.

932 4746 1056 4789 asserens
1067 4732 1101 4787 ab
1112 4731 1256 4800 apostolica
1271 4730 1334 4784 scale
1346 4728 1428 4797 magis
1440 4729 1560 4784 exerceri
1578 4730 1733 4787 eintlietam'

933 4806 1003 4870 ottotl
1018 4804 1052 4860 ab
1064 4803 1164 4857 Acacio
1178 4813 1266 4869 spreta
1281 4810 1363 4865 esset,
1375 4800 1591 4867 qttatmjtts'titiam
1605 4803 1723 4858 «lelund.

935 4874 1081 4939 Epistolam
1095 4875 1221 4941 scriptam
1232 4885 1370 4925 esseanno
1382 4870 1551 4937 pontilicatus
1561 4868 1658 4926 celaui
1672 4886 1725 4928 ter·

934 4953 981 5007 lto,
1012 4944 1038 4997 ni
1052 4942 1202 4999 estliltristi
1218 4941 1281 4999 labi.
1294 4956 1326 4994 ex
1341 4954 1373 4993 eo
1383 4938 1596 5007 cttlligitnrrptml
1608 4943 1724 4996 Ariasm-

932 5016 989 5069 sius
1023 5029 1054 5067 oc
1065 5022 1185 5078 ternpore
1199 5027 1228 5066 se
1240 5009 1433 5081 Eutychiannm
1445 5023 1505 5062 esse
1521 5009 1688 5075 ltaeretietun,
1699 5021 1725 5066 et

933 5085 1129 5153 acephalorum
1150 5092 1230 5136 sectas
1250 5081 1405 5151 signilorom
1425 5079 1539 5134 necdum
1559 5081 1722 5135 declararit:

933 5172 1013 5227 quiem
1028 5162 1134 5209 constat
1151 5167 1223 5205 antro
1235 5160 1365 5218 setgueote
1379 5152 1453 5201 virus
1468 5152 1493 5203 iu
1507 5160 1615 5220 pectore
1634 5152 1724 5207 occul-

933 5236 1016 5281 tatum
1028 5226 1106 5295 pistule
1120 5223 1280 5279 etoutuisse.
1295 5222 1358 5276 Sus.
1376 5220 1475 5273 Brutus.

968 5338 979 5368 ⁶
996 5336 1086 5399 Forte,
1101 5351 1190 5405 pacem
1209 5333 1309 5387 laudere.
1325 5333 1456 5386 lisanum.

968 5407 978 5437 ⁸
994 5407 1049 5470 al..
1062 5405 1131 5473 quod
1143 5407 1285 5473 ubicunqne
1298 5403 1382 5471 piene.

970 5478 980 5507 ⁷
996 5476 1033 5530 ld.
1047 5474 1120 5535 ced..
1134 5475 1258 5540 inspirato
1261 5513 1317 5528 .....
1333 5474 1493 5529 transmisso,

968 5547 1053 5600 illae
1075 5545 1206 5598 sententia
1223 5547 1319 5598 citatur
1333 5545 1379 5598 lib.
1396 5559 1412 5594 v
1428 5542 1555 5609 Caspiani..
1573 5554 1597 5594 e.
1617 5537 1678 5606 lbl,
1696 5540 1724 5589 et

934 5616 967 5669 ab
983 5617 1126 5669 liinctnaro
1139 5629 1232 5679 opusc.
1248 5616 1275 5675 tl,
1294 5632 1320 5669 n.
1337 5615 1380 5673 bl).
1397 5613 1526 5666 lisanum.

968 5690 978 5719 ⁹
995 5687 1032 5741 td.
1047 5686 1124 5752 cod,
1142 5689 1282 5739 burtttnntn.
1549 5753 1570 5812 2
