3832 6120
62 267 131 324 337
720 275 909 336 constarunt
930 281 1030 339 ttttsstt
1054 285 1096 342 lii.
1507 330 1510 335 >
1665 302 1718 361 538

49 380 145 446 (puae
161 379 231 434 mala
247 382 373 451 cognorit
390 400 395 437 :
412 384 434 440 si
450 400 503 440 non
518 385 641 455 exempla
657 386 773 456 priorum

43 471 206 536 ‘lt-rrent,
218 474 369 543 exemplum
386 474 455 542 ires;
473 489 617 549 nostroque
635 480 724 534 ttrnnrt

38 562 126 616 *iel
145 573 206 632 post
223 575 351 636 reperent
366 569 462 624 secreti
478 568 535 624 dira
549 570 655 640 cupido.

31 656 66 711 Ι
79 653 204 708 sslicitum
220 656 289 725 quoti
304 658 374 713 scire
387 658 447 726 itit,
460 660 625 731 vetitumque
638 663 717 728 tueri,

24 750 223 818 nespntes
236 760 338 806 tantum
352 769 401 809 nee
417 764 554 811 narratura
566 757 681 814 videbis.

116 840 189 909 Ergo
201 841 245 896 nbi
262 843 392 912 majorem
404 845 490 900 ticina
507 861 538 900 ert
555 847 621 902 urbe
640 849 782 904 tumultum

10 934 192 1004 Accepit
207 934 313 1001 molirer,
330 936 432 990 ruitum
444 937 548 992 debora
564 948 705 1005 cetorum,

11 1025 132 1079 Vix
150 1028 237 1094 primo
254 1029 279 1080 in
293 1029 351 1082 risu
368 1030 499 1085 restrictis
515 1031 631 1084 nmtiirns
648 1031 736 1096 laesit,

10 1118 197 1172 Cernere
211 1118 345 1174 desistens
359 1136 420 1176 cum
435 1132 571 1189 coeperat;
587 1121 648 1176 inde
661 1123 750 1193 gelato

10 1208 218 1276 Sanguine
234 1224 402 1265 maranoreus
417 1210 535 1282 perfudit
550 1212 650 1266 viscera
667 1222 774 1280 torpor;

10 1299 220 1367 Diriguere
231 1315 318 1370 genae,
333 1302 419 1368 pallor
431 1318 516 1359 nervos
536 1303 619 1358 inlicit
633 1320 688 1358 nra.

10 1388 193 1444 Lumina
208 1404 261 1443 non
274 1390 382 1457 clausit,
399 1406 452 1446 troo
467 1392 562 1446 saltem
579 1393 694 1448 concidit
710 1394 755 1449 iiln

10 1481 204 1538 Pondere
219 1496 272 1550 qno
287 1482 393 1549 pulsant
407 1483 523 1538 demissa
537 1483 665 1539 cadavera
679 1491 791 1550 terram;

10 1574 127 1633 Sed
142 1575 222 1628 stetit
235 1575 371 1632 borrendo
386 1577 529 1648 perlucens
543 1591 630 1632 crassa
648 1577 744 1644 nitore,

10 1666 255 1735 Serramtque
271 1681 347 1721 suam
362 1669 467 1738 species
480 1669 592 1739 decepta
609 1672 731 1739 liguram.

890 397 914 455 Α
930 395 1019 451 (trudo
1031 401 1155 468 equidem
1172 404 1279 473 meiius,
1290 405 1361 476 qubtl
1375 422 1427 463 nort
1442 415 1588 470 occurrerit
1600 432 1667 475 tatur

927 490 1062 550 Errarrare
1077 500 1135 551 viro
1151 514 1158 551 ι
1173 514 1233 554 nam
1249 501 1271 557 si
1285 518 1307 557 cr
1319 514 1421 571 mperta
1433 506 1556 577 referret,

929 583 1031 639 Forsan
1047 596 1074 641 et
1090 588 1160 643 bunc
1172 591 1230 644 visu
1245 592 1374 649 suasisset
1389 604 1509 654 temnere
1522 600 1607 668 iussa,

926 673 980 727 Ceu
996 678 1131 746 proprium
1144 688 1220 748 gustu
1233 680 1298 737 iacit
1314 684 1443 752 primaeva
1464 687 1554 758 virago
1570 708 1576 742 :

907 838 909 842 Ι
926 764 990 830 Qun
1008 777 1147 839 postquam
1162 785 1222 828 sese
1237 774 1336 843 pariter
1349 777 1531 849 comitemque
1547 780 1648 848 trtettb,

928 855 960 910 Et
978 859 1094 914 nondum
1110 869 1198 917 natam
1216 866 1346 932 percussit
1359 868 1471 925 uulnere
1487 872 1606 940 protema

926 947 993 1000 Tum
1012 951 1097 1005 victor
1110 968 1223 1024 serpens
1237 960 1385 1015 certamine
1400 960 1477 1016 lctus
1491 965 1525 1017 ab
1540 964 1607 1032 ipso,

927 1037 1067 1094 Purricean
1084 1044 1206 1112 crispans
1217 1061 1362 1116 squamoso
1375 1050 1402 1104 in
1415 1052 1516 1109 uertice
1526 1056 1643 1120 cristam,

925 1129 1044 1184 iamnon
1052 1133 1226 1215 dissimulans
1234 1154 1313 1206 quem
1324 1152 1459 1210 presserat
1470 1153 1527 1199 arte
1538 1145 1713 1215 triumpbntn,

926 1218 1021 1274 Acrior
1036 1222 1144 1277 insultat
1156 1226 1244 1292 uictis,
1258 1238 1284 1283 et
1299 1230 1396 1285 talibus
1407 1231 1485 1288 iniit:

927 1308 966 1360 En
978 1308 1065 1362 divina
1084 1321 1173 1367 tttatncl
1192 1316 1330 1383 promissas
1343 1319 1425 1389 gloria
1442 1321 1538 1380 laudis·

925 1400 1059 1471 Quidquid
1071 1405 1140 1458 scire
1152 1420 1239 1461 meum
1252 1409 1347 1478 potuit,
1357 1410 1410 1481 jam
1423 1415 1524 1469 credite
1533 1424 1651 1471 vestrum
1661 1426 1711 1489 est,

924 1491 1019 1545 Omnia
1035 1495 1192 1559 monstrati,
1206 1510 1368 1569 sensumque
1381 1514 1429 1566 per
1444 1502 1532 1557 abdita
1547 1505 1622 1573 duxi,

926 1579 958 1633 Et
970 1582 1148 1652 quodcunque
1163 1584 1261 1640 natnn
1275 1588 1361 1643 solers
1377 1603 1470 1645 namra
1485 1594 1608 1659 negabat,

926 1671 1041 1742 institui,
1058 1675 1213 1746 dextrisque
1227 1678 1287 1734 dedi
1302 1681 1466 1752 conjungere
1480 1684 1584 1740 lteram.

10 1759 128 1821 Nec
148 1759 228 1814 tacite
244 1769 273 1813 nt
287 1774 392 1828 nomes,
407 1761 515 1825 vitrum,
532 1762 609 1830 lapis,
624 1776 694 1816 anne
706 1761 842 1818 metallum
887 1764 910 1824 B
927 1763 1027 1819 isthinc
1044 1776 1170 1834 perpetua
1186 1777 1290 1823 uosmet
1306 1771 1371 1825 milti
1387 1782 1460 1829 sorte
1475 1774 1569 1830 dicari.

10 1851 235 1914 Succedens
245 1851 359 1918 bomini,
374 1854 396 1911 si
411 1869 463 1908 non
479 1853 517 1908 sal
536 1855 610 1909 lance
626 1863 742 1909 notetur.

11 1945 110 2007 Er
128 1953 198 1999 tnnc
212 1944 328 2014 insipido
342 1947 437 2001 mulier
448 1957 584 2016 praetenta
599 1959 675 2003 reatu

925 1854 980 1909 Nec
992 1857 1061 1910 Deus
1076 1857 1103 1910 in
1119 1858 1204 1925 uobis,
1221 1873 1371 1929 quanquam
1385 1861 1538 1919 tormarerit
1552 1874 1624 1932 ante,

926 1946 984 2001 iam
1002 1947 1061 2015 pius
1073 1947 1142 2016 juris
1156 1948 1249 2013 ltabet;
1265 1957 1354 2003 teneat
1368 1951 1438 2026 quod
1450 1953 1570 2008 condidit
1585 1955 1653 2024 ipse,

10 2035 136 2099 Plus
154 2034 258 2088 salsum
274 2035 334 2091 sine
348 2047 437 2091 mente
453 2037 532 2104 sapit,
555 2053 614 2105 quae
634 2052 750 2106 pungere
764 2053 868 2105 semus,
926 2035 1003 2102 Quod
1019 2036 1097 2091 docni
1115 2052 1218 2092 mecum
1233 2047 1294 2094 est:
1309 2038 1395 2108 major
1409 2038 1472 2094 mibi
1488 2040 1575 2108 portio
1590 2051 1681 2097 restat.

14 2129 79 2188 Ιί
93 2141 160 2177 xero
165 2124 257 2194 piique
270 2136 359 2195 potest
372 2127 474 2184 salibus
487 2130 598 2183 contire
612 2129 744 2185 ridentes.

16 2217 88 2281 11
99 2232 133 2269 nc
149 2225 241 2271 tamen
255 2217 300 2273 irie
315 2234 451 2289 magnum,
468 2220 539 2287 qnod
553 2237 604 2275 uon
621 2219 762 2278 inflectitur
775 2222 835 2287 istc,

17 2310 130 2370 fiee
145 2308 266 2376 sequitur
283 2308 395 2375 sociam,
412 2310 550 2367 torus-nee
561 2311 674 2368 vincitur
687 2312 782 2367 tldam.

926 2128 1005 2181 linita
1019 2126 1139 2182 Creatori
1155 2127 1268 2191 debetis,
1285 2129 1357 2198 plora
1374 2129 1511 2200 magistro.

925 2220 1006 2283 Dixit,
1019 2230 1045 2273 et
1064 2221 1090 2274 in
1107 2218 1193 2274 media
1214 2220 1332 2291 trepidus
1346 2221 1460 2291 ealigine
1476 2223 1608 2294 linquens,

925 2310 1074 2364 Curritetum
1091 2310 1166 2381 periit
1181 2309 1304 2381 linquens
1318 2326 1366 2382 per
1381 2313 1471 2368 nubila
1484 2329 1591 2386 corpus.

568 2519 802 2625 LIBER
847 2517 1225 2625 TERTIUS.

726 2679 768 2746 DE
787 2677 978 2736 SENTENTlrl
997 2678 1062 2734 bct.

117 2795 231 2865 Tempus
244 2804 300 2850 erat
315 2796 418 2866 qnosnl
431 2797 547 2851 medinm
564 2796 767 2851 transcenderat
781 2809 870 2857 aretur,
926 2792 984 2847 Non
1001 2795 1088 2864 pigeat
1103 2811 1187 2865 pruno
1200 2799 1320 2866 trepidos
1331 2801 1495 2858 descendere
1504 2805 1588 2868 saitu;

53 2877 183 2942 Pronus
197 2896 224 2943 et
236 2888 335 2944 excelsi
352 2889 474 2959 linquens
488 2889 590 2958 fastigia
606 2887 710 2952 cenni,

56 2966 118 3030 Vir
128 2981 170 3035 ina
181 2981 234 3049 iam
251 2990 330 3036 nocte
340 2980 413 3037 ieres
429 2981 597 3050 praemiserat
609 2996 698 3035 auras.

60 3056 132 3126 lttts
142 3072 190 3127 sed
205 3071 427 3142 majorcnrarnm
442 3073 557 3126 uoluitur
568 3081 660 3135 aestus,

63 3152 277 3237 Ferventesque
287 3174 380 3223 tenent
390 3167 460 3222 maie
471 3167 577 3221 conscia
591 3163 674 3219 corda
685 3163 803 3218 dolores.

63 3245 163 3328 thue
178 3258 263 3327 pudor
275 3267 353 3327 capto
364 3257 478 3313 detorsit
492 3256 593 3311 lumina
607 3269 699 3322 sensu,

63 3334 203 3418 Reppulit
213 3356 241 3403 et
255 3348 370 3403 miseros
384 3349 489 3403 alterno
503 3360 643 3415 acnrpore
656 3345 742 3408 risus,

64 3429 127 3496 Nec
144 3441 204 3511 jam
217 3454 311 3496 secura
327 3449 468 3507 praestatur
478 3442 537 3495 luce
553 3440 619 3494 tueri

61 3523 214 3601 signatam
232 3532 285 3586 tiro
297 3533 400 3601 pcccati
415 3533 539 3600 stigmate
552 3543 672 3586 carnem.

60 3613 232 3677 indumenta
248 3631 352 3691 petunt,
365 3621 436 3677 iuliis
446 3631 475 3676 nt
485 3621 610 3675 mnitibus
623 3617 705 3672 ambo

884 3121 907 3182 C

927 2887 990 2943 Etsi
1006 2896 1160 2957 suppeteret
1171 2890 1226 2960 jam
1247 2900 1303 2948 tttm
1317 2894 1449 2950 sententia
1461 2895 1537 2961 letiti,

927 2977 999 3034 lianc
1016 2979 1096 3036 etiam
1110 2991 1217 3047 reparet
1238 2983 1342 3039 solandi
1355 2999 1419 3041 cura
1435 2985 1554 3056 pudoris.

925 3071 978 3126 Seu
993 3071 1108 3128 llammis
1121 3066 1269 3143 ty'rbpbtsre
1288 3074 1395 3142 darent,
1412 3077 1452 3132 rei
1468 3088 1575 3146 pectora
1590 3077 1661 3134 ierro

923 3163 1070 3232 Appeteres
1080 3163 1175 3219 iinder
1191 3163 1294 3220 crudeli
1308 3165 1419 3221 vulnere
1430 3165 1535 3221 dextra.

924 3253 968 3309 Sic
983 3253 1074 3308 miseri
1090 3264 1215 3320 mortem.
1230 3254 1348 3309 nondum
1363 3255 1518 3311 discrimine
1528 3263 1630 3322 notam,

924 3343 989 3399 Corn
1011 3346 1125 3414 primurn
1139 3353 1272 3412 meruere,
1284 3347 1391 3409 volunta
1403 3347 1510 3404 exordia
1527 3348 1607 3403 tinem

923 3434 1044 3505 Signant,
1060 3446 1086 3490 et
1099 3436 1201 3492 similes
1216 3436 1364 3505 praedicunt
1374 3436 1466 3494 adlore
1480 3438 1576 3504 luctus,

922 3524 1021 3580 Ultima
1030 3540 1090 3580 cnm
1107 3526 1198 3581 mundi
1210 3526 1314 3583 senium
1324 3528 1523 3599 consumpserit
1534 3535 1609 3592 atas,

921 3614 1041 3685 Cumque
1057 3617 1213 3685 repentinus
1223 3619 1387 3687 percusserit
1402 3620 1492 3676 ornnia
1505 3619 1590 3688 luigor

56 3707 192 3768 Membra
204 3724 306 3784 tegant,
319 3713 473 3781 nudumque
490 3713 589 3766 malum
605 3711 638 3766 tia
653 3720 728 3765 resse
741 3715 866 3776 patescat.
920 3705 1067 3772 Coelnrum,
1081 3708 1222 3779 clangente
1237 3709 1310 3774 tuba,
1326 3725 1377 3780 qua
1390 3712 1497 3765 nuntius
1509 3721 1572 3768 ante

106 3806 252 3862 Umbrosis
265 3819 376 3877 proper
390 3806 479 3861 stabat
493 3805 607 3859 liculnea
620 3802 714 3865 ramis,

53 3892 82 3948 F
85 3904 245 3956 renitentes
259 3899 354 3955 diffusa
370 3913 472 3963 mutas,
487 3913 553 3968 quas
564 3897 685 3966 protinus
700 3891 797 3958 tldam,

50 3983 235 4047 ssumentem
249 3992 359 4058 capiens
371 4006 433 4046 raso
447 3990 482 4046 de
495 3990 596 4045 cortice
610 3988 724 4050 librum,

50 4077 177 4148 Asson,
190 4091 218 4137 et
237 4081 315 4137 riridi
330 4082 433 4136 solator
445 4091 520 4137 reste
534 4082 670 4135 ruborem.

47 4160 196 4228 Inciditur
210 4172 293 4227 simili
306 4173 402 4227 mulier
415 4171 597 4243 lacrymabilis
615 4182 684 4235 arte,
699 4178 727 4224 et

47 4252 147 4320 Quos
163 4264 236 4334 parit
250 4263 350 4319 misero
364 4263 443 4318 tattar
460 4263 563 4318 insania
577 4277 669 4333 pomo,

46 4337 187 4408 Veattrtt
198 4353 279 4419 toii0;
290 4368 361 4409 saera
375 4368 442 4423 quos
456 4353 552 4408 arbore
567 4352 654 4407 nudos

46 4428 210 4512 Reddidit,
223 4444 273 4500 ltus
283 4437 390 4516 gravius
402 4445 474 4500 tenui
485 4459 567 4514 super
577 4444 673 4499 arbore
684 4444 760 4499 texit.

47 4522 102 4584 Εἰ
123 4546 210 4593 umen
223 4536 350 4592 adveniet
360 4547 478 4606 tempus,
493 4550 553 4590 cum
568 4536 680 4590 crimina
696 4535 758 4605 ligni

48 4608 125 4679 Per
138 4628 238 4699 tignum
250 4634 339 4693 sanet,
350 4636 500 4697 purgetque
514 4625 674 4680 norissimus
689 4627 785 4689 Adam,

51 4697 88 4759 ⁸¹
101 4719 265 4788 certtmque
278 4699 363 4786 ipsam
378 4716 458 4772 iaciat
472 4714 648 4770 medicamina
662 4715 735 4778 ritae,

55 4794 130 4861 Qua
143 4824 216 4863 mors
228 4807 361 4863 invaluit:
377 4789 451 4862 lebn
466 4804 592 4861 delebere
607 4804 720 4859 lethum.

63 4886 177 4954 AEreus
189 4899 298 4954 excelso
313 4896 440 4968 pendebit
456 4897 545 4966 stipite
563 4908 685 4966 serpens,

59 4972 193 5061 Cutraque
205 5000 366 5046 venenatum
381 4989 558 5053 simulaverit,
572 5002 652 5043 omne
663 5000 793 5043 terrenum

920 3798 1022 3855 indicis
1032 3798 1148 3856 aduentu
1162 3814 1323 3856 concussum
1339 3810 1439 3857 terreat
1458 3803 1568 3858 orbem:

920 3889 995 3946 'inne
1013 3907 1073 3947 cum
1088 3893 1209 3948 sinceros
1224 3901 1316 3962 pastor
1329 3893 1485 3949 discreverit
1500 3907 1593 3962 agnos,

920 3981 1008 4037 llaedis
1020 3982 1170 4051 disparibus
1180 3982 1285 4038 diuersa
1302 3983 1327 4035 in
1342 3990 1416 4053 parte
1431 3982 1534 4045 locatis,

921 4073 971 4127 Per
982 4072 1097 4127 medium
1109 4070 1253 4126 dirimente
1267 4070 1345 4133 cbao.
1359 4072 1429 4141 qttnd
1446 4069 1570 4124 littctibus
1581 4068 1674 4140 implet

920 4161 1076 4231 Soipbureis
1086 4160 1196 4215 volvens
1209 4160 1311 4216 undosa
1323 4159 1446 4214 incendra
1459 4172 1566 4228 gorges,

921 4251 1098 4306 Flammarum
1113 4258 1253 4321 stagnante
1266 4249 1336 4317 lacu,
1349 4263 1403 4318 quo
1421 4248 1523 4306 ierrida
1539 4247 1672 4319 quondam

921 4343 1022 4398 bicitur
1034 4349 1148 4399 attracto
1164 4341 1248 4397 nubes
1263 4338 1425 4398 sodomitica
1440 4339 1531 4395 nimbo

922 4438 1050 4494 Guttatim
1064 4454 1187 4508 sparsum
1208 4436 1308 4492 indisse
1323 4436 1348 4490 in
1364 4435 1475 4490 erimina
1491 4434 1603 4497 inimen,

918 4532 985 4587 Cum
1000 4532 1103 4602 plueret
1116 4545 1166 4586 nox
1183 4537 1250 4586 tetra
1267 4527 1350 4593 iocos,
1365 4525 1604 4596 coeioquecaducae

921 4621 989 4677 Aera
1003 4635 1050 4690 per
1062 4619 1176 4675 calidum
1190 4619 1320 4673 stillarent
1333 4617 1449 4685 undique
1463 4623 1573 4671 mortes.

919 4713 1021 4769 Taliter
1036 4712 1148 4783 ignitero
1162 4710 1237 4766 missi
1251 4710 1285 4767 de
1299 4711 1373 4764 tonte
1387 4709 1517 4778 gehennae

919 4806 1068 4861 Flnserunt
1079 4803 1171 4860 tristes
1181 4801 1268 4857 aliena
1280 4801 1306 4856 in
1322 4800 1419 4855 saccula
1434 4799 1492 4855 riri.

918 4897 954 4951 At
968 4911 1034 4966 qnos
1046 4894 1157 4951 terribili
1168 4893 1248 4964 iudex
1261 4891 1411 4947 decreuerit
1432 4890 1497 4945 bora

920 4988 1017 5044 Vivere
1029 4996 1224 5058 postmortem,
1242 4998 1374 5054 poenaque
1385 4981 1481 5038 ardore
1491 4980 1612 5051 perenni,

65 5064 182 5155 ¹iuges,
194 5094 221 5140 et
234 5086 370 5154 antiquom
384 5082 498 5152 perimat
511 5098 558 5136 stra
577 5081 660 5136 torma
673 5080 828 5135 draconem.
919 5079 1062 5135 Subtrabet
1073 5087 1164 5149 optato
1178 5075 1285 5147 gravior
1295 5073 1425 5130 sententia
1440 5072 1513 5127 letbo
1529 5089 1536 5125 :

108 5175 212 5234 interea
223 5178 331 5247 genitor
347 5177 438 5232 viridis
452 5190 501 5248 per
513 5175 602 5230 mollia
616 5174 669 5228 luci

75 5249 209 5325 librantes
223 5267 292 5324 sodo
301 5266 424 5339 capiebat
434 5268 469 5324 ab
487 5281 550 5323 aere
561 5274 667 5321 ventos.

82 5346 200 5417 ¹‘tatinns
214 5362 336 5417 attonitis
348 5369 495 5417 senserunt
507 5357 620 5415 auribus
632 5355 712 5412 ambo

87 5439 238 5510 i'rosentem
252 5452 395 5509 Dominum
408 5469 415 5507 a
430 5452 499 5507 tristi
515 5460 569 5506 turn
584 5451 643 5508 luce
657 5460 781 5518 perosam

93 5539 214 5617 Expavere
228 5548 299 5604 diem
313 5548 420 5604 detecto
440 5546 466 5601 in
481 5545 594 5602 crimine
607 5551 714 5600 testem
755 5567 757 5570 ·

92 5631 139 5694 illos
153 5655 214 5696 narn
228 5640 311 5696 vastis
322 5637 456 5710 specubus
470 5637 491 5692 ai
502 5637 571 5691 torte
586 5634 742 5691 barathrum

91 5727 218 5801 i’anderct,
231 5740 278 5791 sot
294 5732 412 5791 subitum
426 5727 507 5790 telins
523 5737 684 5794 monstraret
699 5725 811 5794 blatum,

918 5170 1038 5241 Cumque
1051 5170 1120 5225 ioret
1134 5166 1239 5234 melius,
1255 5165 1383 5235 dispersis
1394 5177 1505 5234 corpora
1523 5163 1649 5218 membris

919 5261 1036 5331 Carpere
1051 5269 1210 5330 perpetuum
1225 5257 1291 5313 dura
1304 5255 1355 5313 sub
1366 5264 1451 5311 morte
1465 5269 1601 5325 soporem,

919 5350 1019 5407 invitos
1031 5360 1119 5405 tamen
1140 5363 1207 5404 orna
1221 5354 1325 5415 uomet,
1339 5345 1417 5415 queis
1430 5344 1486 5401 sola
1498 5344 1620 5399 raniuntas

920 5444 1022 5500 ltrrrsus
1032 5457 1112 5514 posse
1123 5442 1203 5509 mori,
1212 5452 1347 5510 sensuque
1358 5451 1451 5494 carere
1466 5437 1584 5495 dolendi.

918 5534 971 5592 Sed
986 5535 1024 5589 sic
1038 5533 1152 5603 accipiet
1162 5530 1290 5587 terrentis
1302 5528 1409 5584 damma
1424 5528 1532 5594 camini,

919 5626 1081 5683 Ambustura
1095 5637 1158 5681 suas
1170 5631 1199 5679 ut
1208 5635 1345 5694 nunquam
1356 5620 1431 5676 bniat
1444 5632 1529 5677 escas.

954 5719 989 5776 bt
1003 5718 1082 5789 primi
1095 5717 1198 5777 interea
1209 5715 1324 5786 putansa
1340 5712 1478 5772 conamina
1488 5722 1567 5766 casso
