3816 6120
87 300 119 352 st
696 264 872 349 aristote
892 284 935 340 er
956 285 1126 343 ocenum.
1691 282 1727 339 ne

87 419 150 464 suut
164 418 331 472 onttltamtts,
344 401 417 476 quid,
440 407 510 477 quod
535 406 593 474 ipse
619 406 709 460 zenon
736 408 882 475 imperator
897 402 922 462 Α
936 417 996 456 curn
1014 418 1097 458 ιιιιιτιι
1114 416 1209 457 causas
1219 413 1280 458 esse
1299 400 1515 471 perpenderent,
1543 408 1598 455 toto
1619 401 1729 457 Oricntc

88 504 145 553 suis
159 499 256 553 littoris
272 498 413 569 profitetur
427 507 521 552 cttneta
537 511 599 553 sese
616 515 648 553 cx
664 499 751 553 Aeacii
765 500 882 569 gessisse
937 491 1057 559 depettt;
1073 501 1101 548 ct
1113 493 1205 548 caeteri
1217 492 1279 563 quid
1294 502 1432 556 carerent,
1455 506 1488 545 ea
1513 490 1619 546 illorum
1634 493 1728 562 qnali-

88 589 213 654 cousilio,
225 599 276 643 nec
289 593 340 644 hnc
350 603 411 642 enm
425 585 517 644 tallere
531 589 626 643 litteris
640 589 696 643 suis
709 589 766 657 ipse
775 602 884 661 quoque
935 593 989 638 tate
1001 583 1153 640 discernere
1164 585 1322 655 potuissent.
1337 585 1432 640 Restat
1447 584 1528 654 igitur
1542 594 1570 639 ιιι
1582 586 1652 639 ιιΙιιιι
1668 598 1727 654 pat·

89 691 204 736 testatur
219 679 350 744 acacius,
373 680 417 749 qtti
436 689 464 735 et
484 694 545 735 eum
567 681 740 736 nibilominus
758 683 882 737 universa
935 678 969 733 tts
983 693 1031 733 eos
1042 679 1123 733 luisse
1138 678 1173 735 sit
1185 678 1299 742 clarum,
1314 679 1355 733 cui
1368 693 1398 734 se
1414 691 1472 746 post
1491 686 1531 733 lot
1541 678 1728 749 experimenta

90 783 165 827 crete
175 771 291 841 gessisse
304 772 473 840 conscripsit,
484 780 512 827 ιι
525 786 575 827 suo
589 773 703 828 consilio
718 773 776 829 haec
787 773 882 830 eadem
935 770 1078 830 dederunt.
1106 771 1256 840 rucritoque
1273 770 1307 825 ab
1321 771 1466 837 apostolica
1486 770 1551 826 sede
1569 770 1729 840 caterisque

91 871 167 932 gesta
184 878 236 915 non
252 863 346 917 tacuit.
360 862 440 930 Quasi
455 877 519 918 rem
532 869 637 918 tanturn
659 864 686 919 in
711 865 883 921 Alexandrini
935 860 1075 916 catholicis
1087 877 1140 916 ιιιιιι
1155 861 1209 931 janu
1224 861 1382 918 eoouteodl
1398 871 1485 927 erant,
1505 862 1551 917 sed
1568 864 1657 931 potius
1677 876 1727 917 no·

91 952 163 1007 l'etrl
176 953 490 1009 mmurouionehcacius
501 955 688 1023 prunaricator
700 957 844 1022 exstiterit,
856 965 886 1013 et
936 954 1019 1008 tandi.
1050 953 1164 1009 ltiimus
1192 965 1280 1009 autem
1303 956 1373 1025 qnod
1403 958 1608 1025 prerogativam
1633 957 1730 1011 volunt

90 1059 145 1099 uon
160 1043 188 1097 itt
208 1043 332 1097 omnibus
343 1055 410 1112 quos
428 1042 470 1099 rel
492 1043 576 1109 lecit,
601 1044 720 1114 depulsis
747 1046 885 1103 catholicis
936 1043 1034 1101 licacio
1049 1049 1211 1113 comparari,
1230 1047 1291 1116 quia
1306 1048 1451 1118 episcopus
1468 1046 1543 1104 irretit
1565 1050 1646 1118 regiae
1663 1049 1728 1103 ciri-

91 1132 274 1204 pontillcibus,
292 1145 418 1204 tanquam
429 1145 572 1206 tyrannus,
585 1136 713 1193 beelcsiis
724 1137 886 1207 quibus-cuo-
937 1133 1008 1187 talis.
1023 1134 1145 1205 Nonquia!
1158 1140 1227 1204 apud
1245 1135 1437 1207 Mediolanum,
1457 1139 1528 1204 apud
1553 1138 1728 1206 Rauennam,

92 1238 145 1294 que
157 1226 275 1294 praeponi
287 1239 296 1291 3
312 1223 354 1280 vei
367 1225 454 1281 taliter
465 1226 615 1296 prepositis
627 1244 754 1297 perversa
765 1245 886 1286 commu·
937 1224 1007 1295 apud
1019 1226 1157 1285 Simulum.
1169 1228 1239 1297 apud
1255 1227 1381 1284 Treuiros
1393 1231 1486 1285 multis
1500 1231 1667 1300 temporibus
1676 1244 1729 1285 non

92 1315 175 1371 triottc
189 1317 338 1385 permistos
347 1325 400 1382 est,
414 1316 458 1385 qui
471 1316 523 1372 boc
538 1319 595 1387 ipso
608 1320 755 1375 secundum
769 1335 887 1378 cannuca
937 1317 1058 1373 constitit
1074 1317 1244 1386 imperatur?
1257 1315 1446 1389 Nunqnldnam
1464 1320 1558 1376 lrarrtm
1573 1322 1676 1376 urbium
1687 1335 1730 1376 sa-

93 1407 204 1461 lucrant
217 1407 250 1460 ab
265 1407 450 1463 ecclesiastica
465 1409 655 1465 communione
672 1397 805 1478 pellendi,
833 1428 886 1482 quo
936 1412 1060 1467 cerdotes
1074 1414 1141 1469 ultra
1157 1427 1310 1469 mensuram
1325 1414 1433 1469 sibimet
1455 1414 1601 1482 antiquitus
1617 1414 1731 1482 deputa·

93 1510 126 1552 se
140 1498 212 1565 passi
226 1506 289 1553 suut
299 1512 470 1554 successores
481 1499 548 1556 ritis
561 1499 745 1558 sacerdotibus
755 1503 885 1560 adhiberi.
937 1512 992 1560 latu
1003 1504 1139 1574 quidpiam
1153 1503 1210 1561 suis
1222 1506 1396 1575 dignitatibus
1409 1503 1593 1573 ttsnrpurunti
1607 1503 1730 1571 Nautaquil

96 1592 164 1660 Quis
175 1596 265 1643 autem
280 1605 333 1643 non
345 1590 488 1658 perspiciat
499 1587 677 1662 Christianus,
702 1594 772 1664 qttod
794 1596 888 1650 cathu-
938 1593 1050 1650 dcacius
1063 1607 1089 1650 ιιι
1104 1596 1235 1652 ιιιιιιιιιιιιι
1251 1595 1398 1666 quemlibet
1414 1598 1548 1650 hominnm
1565 1596 1729 1650 catholicum
1764 1646 1769 1655 ,

93 1683 155 1737 heis
166 1681 361 1749 pontiliclbosa
377 1679 557 1750 propriasedc
568 1682 690 1754 delectis,
700 1700 753 1741 uon
767 1686 818 1742 nisi
830 1687 886 1743 hae·
941 1695 1040 1751 tameo,
1054 1702 1068 1739 a
1084 1686 1225 1741 catholicis
1239 1685 1391 1740 ordinatum
1407 1686 1443 1742 de
1465 1686 1625 1741 nteraolrta
1641 1688 1733 1743 esclu-

94 1774 175 1830 ret²ci
189 1783 335 1843 potuerunt
348 1772 481 1830 introduci
495 1773 506 1827 ι
529 1776 631 1844 Quibus
652 1785 739 1832 tamen
761 1780 886 1846 cunctis,
903 1766 925 1829 il
939 1774 1195 1847 concursumque
1206 1777 1234 1832 in
1245 1777 1340 1833 inmissi
1352 1776 1407 1847 lum
1417 1775 1549 1832 detectum
1563 1786 1643 1848 atque
1657 1777 1732 1832 darn·

94 1866 139 1918 ιιι
154 1876 248 1919 auctor
264 1864 310 1918 luit
336 1866 451 1919 bracios
465 1865 661 1936 subrogandis,
680 1868 721 1924 rel
737 1869 889 1941 subrogatis
941 1876 1045 1934 natum,
1059 1870 1160 1938 abiqrre
1174 1870 1245 1925 sedis
1261 1871 1416 1940 apostolicas
1437 1869 1636 1925 consultatione
1662 1873 1732 1925 recl·

94 1960 310 2012 communicator
322 1957 446 2019 accessit,
459 1959 500 2013 his
512 1959 602 2028 utique
615 1960 660 2031 qui
672 1975 687 2015 a
700 1962 889 2019 communione
941 1968 1025 2031 peret,
1040 1962 1128 2031 aliqua
1141 1961 1246 2033 syuodo
1260 1961 1355 2016 saltem
1377 1962 1433 2016 illic
1454 1963 1558 2021 habita.
1575 1962 1626 2016 lmc
1645 1961 1733 2016 arada·

95 2048 252 2103 oullateous
264 2048 464 2116 discrepabant.
479 2051 532 2106 Cur
546 2065 611 2121 ergo
625 2050 667 2106 rel
680 2067 742 2108 eum
759 2055 816 2109 haec
831 2055 888 2110 deri
939 2053 1121 2121 eterarripuit
1134 2051 1360 2109 otCalendionem
1371 2053 1405 2107 de
1415 2053 1555 2108 Antiochia
1570 2053 1731 2122 depelleret,
1752 2075 1755 2083 =

97 2141 212 2207 rideret,
229 2156 282 2194 uon
297 2141 367 2196 sicot
379 2142 428 2197 sub
440 2142 567 2198 basilisco
581 2144 637 2213 jam
654 2143 765 2214 iecerat,
781 2147 814 2203 ad
824 2162 890 2218 apo·
940 2141 1148 2213 haereticumque
1164 2144 1281 2209 Petrum,
1298 2158 1377 2215 quem
1389 2144 1447 2213 ipse
1460 2144 1655 2209 damnauerat,
1671 2144 1732 2199 abs·-

95 2231 220 2284 stolicam
232 2231 322 2285 aedem
340 2229 443 2287 reicrre
459 2234 561 2288 curarit
577 2250 583 2286 ε
597 2244 624 2287 ut
637 2234 660 2289 sl
673 2237 746 2292 sulus
763 2237 820 2306 ipse
835 2251 888 2293 uon
940 2247 993 2303 qtte
1007 2231 1102 2286 notitia
1111 2234 1347 2303 sedisapostolicae
1358 2247 1451 2289 rursus
1463 2232 1629 2300 admitteret,
1641 2233 1733 2300 aliqua

97 2330 216 2391 poterat,
226 2319 338 2389 junctis,
353 2336 414 2376 cnm
428 2322 523 2378 eadem
538 2325 658 2381 consiliis
677 2336 758 2398 atque
771 2329 890 2383 tractati-

97 2415 149 2470 bus
163 2416 233 2484 apud
248 2416 436 2481 imperatorem
453 2427 580 2486 possent,
602 2431 661 2488 que
681 2419 801 2489 religioni
816 2436 890 2477 com·

97 2515 233 2575 peterent,
245 2507 374 2577 allegari?
385 2506 450 2563 Nam
464 2509 487 2562 si
511 2508 666 2573 basiliscus,
680 2521 708 2565 ut
722 2511 821 2568 dictum
836 2521 889 2581 est,

99 2608 232 2669 tyrannus
244 2599 397 2666 lucretieos,
414 2599 522 2670 scriptis
542 2601 696 2671 apostolicae
719 2603 792 2659 sedis
808 2603 890 2660 rehe-

100 2699 207 2743 urentcr
217 2687 346 2744 intractus
360 2698 412 2756 cst,
426 2697 454 2745 ιι
466 2706 480 2743 a
506 2688 628 2760 plurimis
644 2704 784 2748 revocatus
797 2709 891 2751 exces-

99 2781 186 2848 sthas,
202 2791 303 2849 quanto
318 2782 403 2850 magls
420 2780 555 2852 legitimus
575 2781 721 2853 imperator
740 2785 784 2854 qui
804 2800 834 2842 se
846 2801 891 2842 ca·

940 2325 1043 2398 synodo
1056 2325 1082 2381 id
1102 2323 1199 2383 iecisse
1211 2327 1395 2382 monstraturi
1407 2327 1433 2381 afli
1457 2336 1531 2381 certe
1549 2326 1584 2380 ιιι
1602 2324 1732 2394 dignitato

940 2418 1026 2489 agitur
1039 2416 1190 2483 ciuitatum,
1202 2419 1328 2474 secundae
1340 2420 1411 2474 <cols
1430 2431 1454 2474 et
1477 2420 1566 2474 tertiae
1590 2420 1676 2487 major
1689 2431 1730 2474 est

940 2509 1055 2580 dignitas
1072 2510 1242 2565 sacerdotum
1260 2525 1338 2580 qnam
1359 2510 1418 2578 ejus
1437 2509 1573 2578 civitatis,
1596 2525 1657 2581 qum
1679 2525 1732 2565 uon

940 2603 1026 2659 solum
1041 2605 1111 2658 inter
1126 2603 1206 2658 sedes
1218 2604 1327 2658 miu'me
1339 2613 1505 2670 nutrieratur,
1530 2604 1576 2658 scd
1598 2619 1648 2658 uec
1663 2604 1733 2658 iuter

942 2694 1208 2762 metropolitanorum
1218 2697 1279 2761 jura
1292 2710 1427 2751 cetaseutr.
1451 2695 1516 2749 Natu
1537 2695 1608 2762 rpuod
1623 2695 1731 2754 dicitis,

941 2786 1018 2856 reqioe
1028 2786 1153 2850 ciuitatis,
1165 2786 1216 2839 alia
1229 2796 1347 2856 potestas
1360 2796 1402 2841 est
1417 2786 1491 2854 regni
1508 2785 1665 2853 saecularis,
1680 2786 1732 2840 alia

99 2872 326 2930 tholicnmrideri
342 2874 456 2940 volebat,
472 2875 556 2942 potuit
574 2889 635 2931 cnm
659 2879 806 2947 apostolica
826 2878 890 2936 sorde
940 2875 1183 2931 ecclesiasticarum
1198 2877 1352 2933 distributio
1368 2878 1540 2946 dignitatum.
1563 2877 1636 2934 Sicut
1658 2878 1730 2933 cuim

99 2983 114 3020 c
135 2976 259 3023 netorom
275 2981 382 3037 quoque
395 2965 550 3038 pontilicum
563 2968 699 3024 moderata
719 2969 889 3040 suggestione
941 2970 1063 3036 quamtis
1075 2983 1156 3036 parra
1168 2970 1261 3024 ciuitas
1276 2969 1479 3039 praerogativam
1496 2971 1636 3038 praesentis
1656 2969 1731 3039 regui

99 3057 226 3129 mitigari,
241 3073 288 3129 pra
297 3059 375 3127 cipue
384 3072 445 3114 cum
461 3058 581 3129 ejusdcm
593 3058 684 3114 hraci
699 3071 771 3116 esset
784 3062 890 3130 specia-
943 3076 996 3115 uon
1007 3061 1115 3127 minuit,
1127 3061 1167 3117 sic
1186 3061 1331 3130 imperialis
1355 3061 1496 3132 presentia
1515 3077 1667 3116 mensuram
1689 3062 1731 3116 di-

100 3149 135 3204 iis
150 3148 240 3205 iautor
250 3159 277 3204 et
291 3158 405 3216 arnano,
417 3157 444 3204 et
462 3151 507 3221 qui
528 3149 625 3205 litteris
649 3152 705 3205 suis
728 3161 781 3206 tarn
802 3153 889 3221 ipsum
903 3134 927 3197 C
942 3152 1122 3222 spensatiunis
1135 3152 1270 3222 religiosae
1291 3168 1342 3207 nou
1359 3161 1453 3206 muctt.
1466 3152 1506 3208 Sit
1519 3152 1590 3205 clara
1609 3153 1673 3206 ttrlrs
1687 3150 1731 3206 ilia

101 3241 240 3307 Acacium,
255 3256 335 3310 quam
350 3252 472 3298 salutum
484 3256 578 3313 papam
593 3242 889 3314 Simpliciutnmagnnm
942 3251 1075 3310 potesette
1086 3243 1227 3313 praesentis
1240 3243 1425 3312 imperatoris,
1451 3244 1545 3313 religio
1564 3244 1615 3297 snb
1636 3243 1731 3298 codem

102 3332 225 3389 laudibus
237 3334 398 3398 extulisset,
422 3334 492 3405 qnod
521 3335 647 3391 ltacretico
674 3340 890 3394 constatttissime

102 3426 281 3483 restitissent?
304 3427 358 3482 ιιιι
373 3437 447 3484 tauto
470 3435 591 3500 tempore
612 3431 727 3486 Aeacius
753 3434 822 3488 iuter
840 3432 890 3490 ista

102 3519 241 3583 conticuit,
260 3518 312 3575 nisi
322 3520 384 3590 quia
402 3520 543 3591 praepediri
557 3521 664 3577 uolebat
677 3522 821 3592 ullatenus,
832 3541 890 3596 quat

103 3613 274 3669 disiderabat
285 3613 388 3680 expleri
399 3612 411 3666 i

142 3704 274 3760 Ponamus
299 3713 404 3766 tamen,
422 3699 527 3758 etiamsi
544 3704 615 3759 nulla
637 3703 756 3775 synodus
778 3721 891 3775 praces-

103 3796 193 3863 sisset,
209 3794 286 3865 cujus
298 3794 444 3864 apostolica
455 3797 533 3850 sedes
548 3807 621 3851 recte
637 3798 713 3853 lieret
726 3802 890 3869 exsecutrix,

104 3903 165 3944 cum
181 3885 277 3958 quibus
288 3895 348 3942 erat
359 3886 394 3943 de
408 3886 507 3942 Acacio
521 3887 639 3960 synodus
664 3891 797 3947 toeuoatat
817 3892 891 3948 Nurr-

102 3978 168 4050 qnid
182 3993 243 4034 cnm
260 3976 302 4032 bis
313 3978 359 4047 qui
372 3976 427 4047 lam
440 3980 585 4048 participes
596 3979 755 4036 acuebantur
776 3983 891 4051 Acacio,

945 3344 1006 3389 tunc
1017 3334 1103 3396 ltrma.
1112 3344 1175 3390 tunc
1188 3335 1283 3400 libera,
1294 3344 1357 3390 lunc
1367 3344 1491 3404 provecta
1504 3335 1637 3403 consistit,
1650 3335 1672 3390 sl
1685 3349 1731 3403 po·

941 3428 995 3481 tius
1011 3426 1062 3482 hoc
1076 3436 1209 3496 prasente
1232 3429 1367 3497 propriam
1382 3428 1540 3485 teneatsine
1553 3428 1607 3484 olla
1628 3438 1734 3498 pertur-

943 3517 1048 3573 batione
1059 3532 1223 3574 mensuram.

977 3610 1031 3666 Sed
1042 3610 1147 3665 ‹licatur
1162 3609 1273 3666 lorsitan
1285 3609 1318 3666 de
1330 3609 1731 3679 Alexandrinoethotiocheno,

943 3701 1026 3757 certis
1039 3719 1070 3758 ιι
1084 3703 1174 3758 causis
1190 3702 1338 3772 principem
1351 3703 1437 3773 magis
1451 3704 1493 3757 illa
1506 3718 1566 3772 quse
1575 3712 1649 3772 gesta
1658 3711 1731 3770 sunt,

944 3808 997 3847 non
1012 3794 1138 3850 Acacium
1151 3795 1321 3864 praecepisse.
1337 3792 1389 3849 Sed
1403 3793 1517 3863 principi
1526 3793 1678 3850 cliristiano
1688 3794 1733 3848 dc·

944 3894 1036 3939 coerat
1050 3899 1195 3954 sugserere
1207 3883 1386 3944 sacerdotem.
1400 3884 1516 3940 maxime
1529 3883 1606 3954 cuius
1620 3884 1734 3938 tamilla·

944 3977 1023 4030 ritate
1034 3986 1060 4030 ct
1072 3975 1162 4030 latore
1178 3976 1325 4035 [ruebatur.
1342 3975 1443 4029 saluam
1458 3974 1514 4029 lore
1528 3974 1563 4028 de
1582 3973 1641 4043 ejus
1665 3973 1733 4042 iuju-

103 4081 130 4128 ιι
140 4086 189 4141 per
199 4069 337 4126 orientem
348 4075 432 4123 totum
443 4068 582 4125 catholicis
595 4073 780 4128 sacerdotibus
792 4074 893 4130 upote...
944 4067 984 4121 ria
999 4066 1215 4134 contumeliaque
1226 4064 1382 4130 vindictam,
1399 4075 1502 4118 tantum
1515 4072 1546 4118 ut
1559 4062 1687 4118 Ecclesiae
1697 4065 1733 4118 si·

105 4169 145 4218 ter
160 4159 291 4225 exclusis,
307 4171 333 4214 et
346 4174 394 4227 per
415 4158 508 4214 casilia
528 4159 634 4215 diversa
658 4162 803 4232 relegatis,
826 4164 893 4218 socii
945 4165 1023 4213 neret
1034 4157 1203 4212 Christianus
1216 4158 1341 4226 princeps
1352 4158 1457 4224 regulas
1471 4154 1617 4222 custodiri,
1631 4157 1692 4224 quia
1706 4165 1733 4211 et

103 4252 243 4308 evidenter
257 4249 409 4307 existebant
422 4249 622 4306 communionis
633 4262 764 4318 externe,
779 4253 853 4322 prius
862 4268 894 4310 se
944 4264 1013 4308 nora
1025 4249 1051 4303 in
1064 4258 1178 4317 utroque
1191 4249 1317 4316 pontilice
1329 4263 1410 4303 causa
1424 4256 1497 4303 essct
1517 4256 1626 4313 exorta,
1642 4256 1669 4302 ct
1683 4262 1732 4303 no·

103 4350 136 4401 ad
151 4347 209 4401 iaaac
220 4342 355 4400 corrsortia
366 4339 557 4398 transferentes
570 4343 727 4413 qoamscdis
738 4347 893 4413 apostolicae
944 4355 1004 4396 rana
1029 4339 1223 4395 discussionem
1243 4346 1442 4407 coruequenter
1466 4338 1623 4406 inquireret.
1645 4337 1730 4408 Etsi,

104 4438 169 4491 scita
184 4433 376 4491 consulerent?
389 4434 456 4487 ιἰιιιι
478 4433 577 4503 quibus
600 4448 665 4503 ergo
693 4435 812 4506 synnodus
834 4445 893 4492 crat
944 4433 1015 4488 sicut
1024 4444 1132 4496 semper
1146 4439 1219 4484 esset
1229 4428 1370 4494 ellectum,
1392 4428 1551 4483 sacerdotali
1571 4428 1687 4483 concilio
1700 4429 1735 4485 dc

104 4527 219 4586 ineunda
234 4524 360 4582 cadtoliei
375 4525 515 4594 pontidces
528 4524 635 4580 inerant
649 4526 766 4595 undique
776 4527 832 4596 jam
847 4529 895 4584 ttu-
906 4499 933 4561 Ῑ)
946 4521 1131 4578 sacerdotibus
1143 4519 1240 4589 judicia
1258 4519 1442 4589 provenirent,
1457 4535 1510 4573 non
1525 4533 1541 4573 a
1559 4518 1680 4575 sactdari
1694 4520 1734 4574 ri·

104 4621 183 4692 pulsi,
205 4620 309 4691 solique
325 4626 509 4674 reniso-eraut
531 4619 596 4674 socii
623 4620 804 4688 perddorum,
831 4636 892 4677 cum
944 4615 1075 4670 derantur
1094 4613 1296 4685 qualescunque
1310 4611 1466 4681 pontifices,
1484 4622 1511 4668 et
1525 4613 1548 4667 si
1569 4627 1664 4669 errore
1686 4611 1735 4666 hu·

104 4715 200 4785 quihus
212 4711 268 4782 jam
284 4725 335 4767 nec
346 4708 444 4765 licebat
466 4709 566 4766 hahere
586 4724 763 4775 eloquentum,
787 4711 894 4768 dicente
945 4706 1061 4761 manitus
1073 4705 1228 4771 accedente,
1242 4718 1294 4755 nou
1310 4710 1399 4757 tanuen
1413 4712 1507 4757 contra
1523 4702 1681 4771 religionem
1694 4702 1720 4756 ul

106 4808 209 4877 qsalruo
225 4818 233 4858 z
250 4805 311 4860 Nou
325 4804 379 4859 redi
390 4804 417 4858 in
430 4803 540 4858 concilio
548 4803 685 4871 nutritoris,
697 4813 722 4857 et
735 4818 794 4857 cam
806 4805 893 4876 ioiqao
945 4800 1050 4853 iatentta
1064 4796 1211 4852 excedente
1227 4801 1358 4860 potestate
1369 4792 1487 4861 percelli.
1499 4793 1540 4847 An
1551 4805 1577 4847 ιι
1589 4793 1647 4848 hac
1661 4794 1734 4862 iusta

105 4896 250 4973 ,aaaron
261 4914 311 4952 nan
323 4895 445 4951 introibo.
466 4892 523 4951 hec
542 4893 716 4950 ecclesiastici
735 4894 818 4949 moris
832 4902 892 4962 est,
946 4887 1053 4944 ratione
1065 4884 1180 4956 principi
1193 4882 1361 4951 sttggcrenda
1380 4897 1432 4936 uon
1449 4882 1545 4936 cranii
1564 4882 1655 4951 llepic
1669 4883 1736 4938 cirl-

105 5007 164 5047 cntn
180 4991 223 5046 his
248 4991 293 5060 qui
309 4987 436 5057 pollutam
458 4985 555 5041 habent
573 4983 804 5050 communionem,
832 4999 894 5053 per·

105 5092 342 5150 mirtamqoecnm
364 5075 471 5147 peridis
493 5075 607 5132 iniecere
632 5077 788 5133 coricillom.
812 5076 894 5133 ilecto

106 5173 187 5244 igitur
202 5166 485 5243 p÷·rchalcedoueusis
499 5169 598 5243 synodi
612 5171 725 5226 lormam
741 5168 894 5241 hujusmodl

106 5263 292 5335 praeraricatio
303 5262 407 5332 repulsa
422 5269 473 5329 est,
488 5263 576 5332 potius
591 5277 671 5334 quam
684 5262 718 5318 ιιι
733 5261 895 5329 concilium,

107 5358 175 5430 prot
192 5368 241 5413 nec
251 5368 321 5424 opus
334 5361 394 5409 crat
404 5360 466 5424 post
478 5355 591 5424 primam
605 5353 749 5426 syonodum,
770 5362 895 5407 neceam

108 5450 205 5505 talibus
219 5446 311 5502 baberi
326 5444 435 5512 licebat,
451 5445 564 5500 adducta
578 5454 629 5502 cst.
645 5443 711 5498 Nam
723 5441 819 5510 etquid
835 5453 898 5508 agc-

108 5555 180 5599 rctur
190 5543 226 5597 de
243 5543 295 5597 lide
307 5539 438 5596 catholica
450 5538 600 5611 intelligere
613 5537 635 5593 si
648 5537 759 5603 velient,
776 5534 912 5603 ignorare.

109 5653 124 5691 ιι
136 5654 159 5687 -u
184 5645 311 5702 poterant
336 5647 396 5687 corn
411 5631 531 5686 riderent
555 5630 704 5685 catholicos
733 5627 896 5696 pontaticos,

109 5727 178 5788 ruta
204 5728 300 5795 sprodi
324 5725 499 5792 discussione,
526 5723 597 5779 nullo
622 5720 746 5788 cutrcillo,
762 5718 898 5792 precipue

946 4979 1009 5035 tatis
1025 4978 1128 5032 bonore
1138 4974 1260 5030 sublimis
1279 4973 1302 5027 si
1324 4972 1409 5027 lactus
1432 4983 1489 5028 erat
1517 4972 1562 5028 illa
1586 4975 1658 5043 regia
1674 4974 1735 5029 ciri

947 5081 1002 5128 tate
1037 5071 1199 5134 sublimior,
1233 5077 1307 5122 tanto
1334 5066 1419 5136 magis
1447 5067 1474 5121 in
1495 5065 1536 5120 his
1562 5066 1735 5136 suggerendis

947 5163 1110 5219 dehuitcsse
1132 5161 1310 5216 constantior.
1340 5158 1369 5214 sl
1393 5168 1483 5212 autem
1508 5156 1535 5211 in
1553 5155 1596 5211 his
1611 5173 1672 5228 que
1687 5168 1735 5226 pro

948 5257 1080 5329 religione
1099 5253 1204 5311 lucrant
1223 5250 1379 5316 excreuda,
1398 5249 1502 5306 exstitit
1527 5247 1735 5318 contemptibilia

948 5359 1028 5420 atque
1042 5348 1195 5418 despectus,
1207 5355 1288 5400 etant
1299 5343 1400 5412 segnis,
1413 5351 1460 5397 aut
1471 5341 1597 5396 liduciam
1618 5355 1671 5396 ιιοιι
1686 5339 1735 5394 ba·

948 5442 1015 5497 bens
1026 5437 1178 5503 intimandi,
1194 5439 1220 5490 in
1235 5451 1288 5506 quo
1299 5448 1346 5503 per
1369 5432 1471 5502 reglatn
1492 5430 1630 5487 civitatem
1650 5428 1736 5499 maior

948 5532 1059 5588 ellectos
1076 5529 1134 5585 esti
1158 5527 1262 5582 Nathan
1279 5526 1409 5596 propheta
1433 5524 1520 5592 palata
1538 5521 1696 5590 publiceque
1710 5522 1737 5580 ip

950 5624 1018 5681 lacic
1029 5623 1083 5693 regi
1094 5621 1222 5682 bavides
1232 5619 1405 5675 commissum
1417 5613 1737 5687 pronontiaritcrrorcm‚

950 5727 977 5776 sl
989 5716 1076 5787 ipsum
1089 5712 1256 5770 cornmis'tsc
1274 5725 1326 5766 non
1343 5712 1435 5774 lacuit,
1452 5713 1481 5761 ct
1493 5703 1664 5775 concessione
1677 5718 1739 5766 cop.
