3816 6120
129 226 189 285 277
785 219 948 279 aristote
968 219 1094 277 txxttt.
1706 226 1760 284 tte

393 337 557 396 aristote
577 335 670 392 txxt.
939 341 964 400 A
979 346 1056 404 nato,
1074 338 1155 394 etiam
1170 338 1299 395 devincta
1314 337 1379 392 milvi
1394 336 1551 392 sublimitati
1567 348 1661 397 restra
1672 341 1761 398 oldaia

189 446 284 488 avarus
304 445 457 493 aususausus
481 442 619 483 eatscoans
638 437 651 465 ι
677 442 736 484 vtao
755 443 873 485 retusam
978 443 1083 498 semper
1093 428 1214 484 deletitia
1226 427 1349 498 persolvo
1361 445 1368 482 ε
1381 427 1511 493 suadens,
1525 429 1579 484 imo
1588 432 1761 499 quia-tantum

447 513 610 554 ¹⁸⁸⁸¹¹⁰³⁰⁰·
979 519 1142 576 obduruistis
1154 527 1183 575 et
1195 518 1359 589 supplicans,
1374 527 1402 572 ut
1413 519 1567 575 stomacbos
1580 519 1671 576 multia
1680 520 1763 577 sato·

173 612 290 667 Tannum
315 610 440 667 servulus
463 617 552 665 vester
575 608 666 663 domni
681 606 765 664 nostri
785 619 926 672 recenset,
979 612 1031 665 niae
1053 610 1157 666 deliciis
1183 610 1338 665 nausiantes
1361 608 1470 666 tandem
1491 610 1657 679 parcioribus
1679 611 1764 667 iatriae

136 713 266 776 quantum
277 702 366 758 sentio
382 699 521 757 :nondum
534 700 610 770 priene
620 698 725 755 detersa
737 697 926 769 inaequalitate,
981 709 1077 757 restra
1089 698 1198 769 iejuniis
1209 701 1341 754 alteratis.
1361 699 1437 766 Qtrod
1451 700 1473 754 si
1489 699 1557 756 adeo
1571 701 1679 758 nescitis
1691 702 1763 758 desi-

137 807 256 852 attontos
278 792 367 849 reddit
386 802 413 848 et
433 791 528 847 anxios
551 808 558 844 :
581 799 609 846 ot
631 805 678 860 pro
701 790 929 861 contemplatione
979 792 1047 850 derii
1070 792 1281 849 vicissitudinem
1304 806 1467 861 repensare,
1491 800 1520 847 ut
1540 792 1659 848 nondum
1690 794 1765 851 vobis

139 887 247 958 pietatis
260 883 424 954 illiusquam
439 881 513 938 iestis
526 881 668 952 specialius
681 889 774 952 optare
787 881 929 937 cotisuevi·
980 885 1103 940 rideatur
1128 884 1248 940 absentia
1269 892 1356 941 vestra
1378 883 1517 952 suldcerc,
1541 884 1636 954 injuria
1657 897 1766 942 coactus

141 991 219 1043 mas,
247 973 372 1031 sutueere
391 973 470 1028 nobis
491 972 709 1027 commoditatem
736 978 854 1026 nestram
883 987 930 1038 pro
982 973 1420 1045 becopto,meqnebaeulelvujos
1435 974 1764 1044 imprecationisuleiseor,

141 1067 213 1121 nutui
225 1064 386 1121 solemnium
394 1062 562 1132 jttcunditate
572 1061 721 1118 credamus.
733 1059 809 1117 Unde
820 1074 929 1115 servam
981 1076 1010 1119 ιιι
1025 1074 1162 1120 mutentur
1175 1065 1326 1136 praesentiae
1340 1065 1426 1130 vices,
1442 1074 1469 1119 ot
1485 1066 1555 1135 quod
1570 1065 1670 1122 Vienna
1681 1069 1765 1124 abun-

143 1168 202 1228 post
225 1157 327 1211 cultum
349 1153 451 1209 Natalis
478 1152 608 1208 dominici
635 1151 721 1207 solitae
745 1149 931 1206 sollicitudinis
982 1154 1036 1219 dat,
1051 1155 1186 1209 Cabiioivis
1202 1153 1332 1211 obtineat.
1349 1152 1382 1209 tit
1397 1155 1419 1209 si
1433 1156 1476 1211 lile
1489 1169 1541 1209 non
1555 1156 1683 1214 babemus
1695 1160 1765 1226 quod

142 1249 308 1313 servitutem,
323 1253 378 1300 tota
389 1259 469 1299 nosse
480 1257 526 1299 ros
536 1243 589 1299 voti
602 1243 746 1298 ambitione
759 1242 895 1306 desidero,
907 1242 930 1296 si
981 1244 1077 1300 debeat
1097 1244 1203 1312 expeti,
1228 1244 1282 1299 illie
1295 1245 1432 1300 mittamus
1445 1245 1517 1314 quod
1532 1247 1614 1304 libeat
1627 1248 1764 1305 declinari.

144 1339 224 1395 decus
237 1350 382 1392 commune
396 1334 466 1404 quod
479 1334 637 1390 Viennensis
651 1333 791 1390 ecclesiola
806 1335 930 1402 prasenti
983 1337 1016 1391 Et
1031 1337 1092 1406 qitla
1103 1334 1173 1404 quod
1188 1335 1251 1390 dico
1270 1335 1297 1388 in
1311 1335 1351 1389 via
1365 1343 1422 1401 est,
1436 1337 1457 1390 si
1473 1336 1561 1392 adiere
1575 1339 1600 1393 in
1612 1340 1672 1395 loeo
1684 1350 1770 1396 retar-

146 1432 201 1486 riee
216 1442 270 1483 noa
288 1428 396 1493 meruit,
408 1427 449 1481 vei
465 1426 680 1495 Lugdunensium
694 1425 851 1494 populorum
864 1439 930 1494 gan-
981 1427 1061 1496 datis,
1072 1427 1187 1495 excipite
1200 1443 1207 1480 ε
1221 1426 1308 1496 sijum
1320 1426 1408 1482 redire
1421 1426 1572 1497 disponitis,
1583 1431 1727 1499 proterite.

146 1522 187 1579 dia
204 1520 364 1590 duplicavit.
380 1519 444 1573 Nam
468 1519 491 1573 si
504 1534 567 1586 vos,
585 1518 691 1574 Cbristo
707 1518 829 1582 lavante,
850 1525 878 1571 ut
897 1516 930 1570 ad
1452 1585 1458 1597 .

147 1612 285 1669 ecclesiam
297 1611 415 1681 potuisse
428 1611 572 1679 procedere
585 1620 632 1665 aut
641 1610 810 1665 devotionem
819 1623 932 1664 consue-
1234 1583 1397 1639 EP¹⁸T⁰¹³A
1417 1585 1520 1641 Lm·

148 1705 305 1761 ,mmmm
319 1702 511 1771 ,escflpwffls
525 1702 662 1770 implesse,
679 1701 821 1770 „memes
835 1698 930 1754 reddi„
949 1689 1076 1768 Biivrrus
1088 1689 1240 1730 avesnensis
1254 1689 1390 1732 evisceras
1406 1691 1467 1731 viiio
1498 1692 1614 1732 retusam
1629 1694 1768 1735 liutttntn.

149 1795 244 1852 laetitias
257 1794 419 1859 vicinorum,
432 1794 586 1860 epulaturus
602 1808 649 1848 nos
663 1788 931 1862 proiltemorauditu,
1020 1786 1086 1840 Cum
1100 1785 1133 1841 ad
1153 1784 1272 1840 olilclum
1286 1795 1382 1841 vestrae
1404 1786 1578 1855 magnitudini
1595 1788 1769 1846 deferendum

149 1885 170 1941 ri
189 1883 251 1940 illes
270 1884 367 1954 quibus
380 1882 520 1952 prasentia
533 1891 620 1937 restra
633 1881 730 1937 donata
746 1888 805 1948 est,
819 1878 934 1936 reiectos
984 1887 1111 1946 perpetua
1129 1890 1236 1944 semper
1246 1891 1325 1930 carisa
1342 1886 1465 1946 suppetat
1481 1879 1609 1944 raritatis,
1625 1889 1653 1934 et
1666 1881 1770 1948 specia-

149 1975 349 2048 moverimus
364 1973 470 2029 intuitu,
984 1965 1208 2021 ramosissimis
1229 1965 1426 2021 observantiam
1447 1966 1509 2035 jure
1532 1967 1642 2023 debeant
1666 1970 1771 2025 obnixas

397 2061 560 2117 aristote
581 2061 684 2117 lxxii.
984 2055 1130 2126 impensius
1153 2057 1273 2125 pietati:
1295 2071 1365 2110 nunc
1387 2067 1476 2112 tamen
1502 2058 1679 2115 desideratam
1705 2062 1771 2116 mibi

215 2167 312 2211 tatros
331 2167 481 2209 ruenssssts
501 2166 639 2208 eviscopos
665 2165 727 2207 vino
747 2163 864 2205 istasunt
985 2147 1172 2202 necessitatem
1187 2149 1255 2202 ratio
1269 2148 1538 2218 festivitatisioditit,
1554 2150 1697 2206 utaiicctui
1711 2166 1768 2208 ves·

458 2236 622 2277 ¹⁸⁸2¹¹¹¹¹⁴⁰⁰·
985 2249 1026 2294 tro
1040 2241 1080 2295 vel
1092 2241 1239 2295 litterarum
1250 2249 1425 2310 praesentarer
1435 2243 1534 2310 oliveio,
1549 2246 1594 2312 qui
1604 2260 1731 2313 euperem
1744 2256 1772 2301 et

181 2335 249 2393 Cum
262 2333 439 2406 peculiarium
452 2332 622 2388 vcrtvularum
635 2330 801 2387 adsentando
819 2344 932 2400 suspen·
984 2344 1107 2385 occursu.
1125 2331 1230 2386 ideirco
1244 2333 1392 2386 reverentia
1406 2334 1559 2402 supplicans
1569 2335 1674 2404 debita,
1690 2352 1770 2406 qttanl

151 2427 208 2482 ditis
226 2435 306 2493 reta,
322 2425 409 2481 iaeitis
433 2439 482 2481 nos
495 2438 548 2479 nou
573 2423 605 2478 ad
623 2422 728 2492 plenum
742 2422 869 2491 consequi
891 2422 933 2477 ivel
984 2435 1016 2476 et
1039 2432 1102 2476 voto
1128 2422 1194 2477 festa
1218 2422 1418 2478 celebraveritis
1442 2424 1566 2494 inquiro,
1587 2425 1772 2497 Redemptorls

152 2519 271 2574 nuntiare
282 2518 382 2575 rotiva.
394 2515 480 2572 Fastis
490 2531 553 2585 ergo
566 2513 667 2570 Natalis
677 2514 794 2579 bantini,
809 2513 836 2568 in
851 2530 932 2582 pisan·
986 2512 1070 2565 nostri
1087 2511 1274 2568 inexhaustam
1289 2512 1437 2580 deprecans
1452 2514 1619 2585 largitatem,
1640 2523 1669 2571 ut
1688 2532 1773 2585 usque

152 2620 200 2667 tum
215 2612 276 2665 sine
288 2610 365 2665 vobis
378 2607 477 2678 potuit,
489 2607 644 2662 solemniter
658 2602 809 2670 celebratis,
825 2617 934 2673 prospe·
985 2602 1017 2655 ad
1036 2610 1142 2657 aetatem
1162 2603 1344 2659 centenariam
1368 2617 1414 2659 sua
1441 2606 1605 2676 protectione
1617 2621 1666 2661 vos
1678 2621 1771 2675 prouo-

150 2702 252 2757 ritatem
268 2700 384 2772 piissimi
398 2697 490 2754 domni
509 2697 605 2761 nostri,
619 2711 699 2766 quam
715 2696 788 2766 justo
801 2696 934 2752 desiderio
986 2692 1049 2758 liat,
1070 2703 1097 2748 et
1121 2693 1153 2748 ad
1168 2704 1290 2749 ornatum
1307 2704 1440 2760 nostrum,
1455 2697 1526 2752 sieut
1549 2697 1677 2754 haetenus
1691 2698 1769 2761 iecit,

152 2800 336 2860 optaveramus
350 2788 457 2855 videre,
482 2799 535 2842 tam
550 2786 677 2858 dignabili
694 2785 811 2856 alloquio
824 2799 934 2857 praesto·
985 2783 1063 2841 bunis
1078 2784 1201 2840 omnibus
1217 2797 1400 2842 remuneratos
1415 2789 1529 2843 attollat.

152 2881 235 2938 lamus
260 2893 421 2953 agnoscere.
444 2878 519 2935 lllam
544 2879 649 2950 plebem
671 2879 801 2936 refecistis
818 2881 933 2950 gaudio,
990 2949 992 2955 ,

152 2972 225 3030 istam
236 2973 324 3029 ditate
338 2974 489 3042 rescripto:
505 2987 584 3042 quam
598 2986 645 3042 per
660 2987 702 3027 nte
717 2981 806 3026 vester
818 2973 934 3029 illustret

153 3067 268 3134 edoctus,
282 3066 368 3124 donee
383 3067 458 3123 robis
470 3066 528 3135 ejns
543 3065 681 3121 servitium
701 3079 776 3122 meus
791 3071 972 3136 prasentetc

153 3172 287 3217 apphus,
1022 3136 1085 3192 Post
1101 3135 1270 3192 festivitatem
1291 3137 1317 3191 in
1336 3135 1435 3206 quade
1452 3138 1593 3205 prasentia
1607 3138 1648 3193 rel
1672 3138 1772 3193 incolu-

392 3226 558 3283 epistota
576 3225 693 3283 extiti.
988 3227 1080 3282 mitate
1094 3225 1184 3280 donini
1199 3228 1283 3281 nostri
1292 3235 1353 3281 rota
1363 3237 1450 3281 vestra
1460 3236 1488 3282 et
1500 3228 1595 3283 merita
1609 3229 1773 3294 claruerunt,

155 3335 243 3377 tnros
258 3333 413 3376 virtuensis
425 3333 565 3376 cessemus
576 3333 637 3374 arao
649 3333 768 3374 teuosrtu
778 3333 936 3374 aasentias.
987 3315 1092 3387 petitis
1108 3315 1140 3370 ad
1157 3317 1242 3386 ipsunt
1255 3315 1352 3372 olbclis
1364 3316 1514 3384 destinatis,
1527 3318 1587 3388 jure
1604 3319 1680 3374 vobis
1694 3335 1774 3390 pecu·

182 3433 412 3490 eomemdinem
439 3432 628 3489 ,officimdinis
651 3446 707 3488 ,ηπ
735 3432 820 3502 piem
846 3443 936 3489 ,ΕΜ
988 3407 1100 3464 liaribus
1125 3408 1308 3478 pectorismei
1327 3409 1407 3465 etiam
1431 3412 1603 3478 praesentium
1627 3411 1775 3479 litterarum

155 3523 279 3589 custodit,
295 3537 345 3578 nos
359 3521 513 3594 dignatione
524 3523 624 3592 pariter
637 3537 669 3576 oe
683 3523 779 3578 litteris
792 3522 936 3579 visitando.
989 3499 1133 3601 [311191Μῖ
1149 3499 1261 3555 “Imm
1276 3516 1283 3553 ²
1299 3514 1348 3570 W
1366 3516 1445 3567 ‘¹⁰⁰⁰'
1469 3517 1518 3556 ¹¹⁰⁸
1536 3502 1607 3557 Μ
1622 3512 1726 3571 ¹²⁰¹⁰⁵³
1748 3513 1776 3567 υ(

159 3615 301 3671 lddidistis
310 3615 473 3669 solemnitati
484 3629 563 3684 quam
572 3613 717 3684 gaudenter
729 3615 784 3669 beo
795 3623 939 3684 praestante
989 3589 1046 3645 ⁰⁰¹¹
1062 3599 1157 3657 ¹³⁰¹¹¹¹¹⁹
1173 3606 1263 3645 “³¹⁰¹‘'
1286 3605 1409 3647 '⁰⁰¹⁰'⁸⁵
1423 3591 1524 3648 P³⁸⁰¹¹³
1539 3608 1666 3665 mmm
1690 3604 1776 3651 ‘¹³⁰⁵'

157 3709 332 3778 mmmm,
347 3715 373 3764 e,
385 3707 455 3776 qum,
465 3706 633 3775 ,newham
641 3705 667 3761 ὴ,
680 3707 767 3761 vost„
778 3707 865 3761 cum„
875 3721 939 3761 00⁰,
989 3684 1078 3753 egisse
1091 3685 1230 3755 significo:
1245 3686 1284 3741 sic
1301 3686 1365 3741 tutin
1377 3686 1498 3755 judicans
1511 3688 1570 3757 ejus
1584 3690 1775 3759 plenitudinem

159 3801 330 3856 mmmmm
357 3799 511 3869 supplan&
531 3798 592 3853 Mihi
617 3806 707 3852 ,mem
732 3798 766 3853 de
787 3798 896 3861 κείω,ι
912 3800 940 3852 5„
989 3778 1071 3833 divini
1098 3777 1218 3832 muneris
1239 3778 1375 3835 beneficiis
1405 3789 1621 3849 proventuram,
1648 3783 1670 3835 si
1695 3782 1776 3838 vestri

157 3901 278 3958 qmwm
293 3903 353 3945 eam
363 3902 527 3959 cognovero,
540 3887 683 3958 mummi
694 3902 746 3943 „on
764 3888 850 3943 minu,
862 3888 939 3943 dul„
990 3883 1096 3938 noeque
1107 3869 1234 3938 colloquii
1251 3868 1434 3938 dignationem
1447 3886 1508 3928 cum
1523 3873 1602 3927 sivnili
1619 3874 1778 3943 prosperita-

158 3989 207 4046 est,
219 3989 281 4051 post
295 3979 403 4048 longum
426 3987 530 4047 tempus
544 3977 673 4032 absentia
689 3991 815 4046 prospere
836 3991 883 4032 vos
897 3993 940 4031 re-
991 3959 1169 4030 ¹5⁸³ll⁰l²l⁰¹¹e
1184 3975 1318 4016 melum·

159 4068 237 4137 disse,
257 4083 338 4140 quam
354 4068 421 4125 iesta
436 4067 569 4137 paschalia
583 4083 644 4124 cum
664 4069 841 4124 exsttltatione
854 4077 940 4124 trans·
1229 4050 1395 4108 EP¹⁸T⁰¹¹⁸
1418 4052 1546 4107 Lfflu·

160 4157 237 4230 igere.
992 4179 1024 4219 te
1050 4178 1128 4218 antro
1147 4178 1283 4217 classensi
1315 4177 1437 4219 srtscoro
1463 4180 1587 4228 ntertrt,
1614 4180 1660 4220 sun
1682 4180 1777 4219 coatus

396 4227 561 4283 subruta
580 4227 699 4283 Lxltiv.
1028 4248 1151 4288 tenutam
1175 4247 1373 4299 institutricem,
1398 4233 1411 4272 b
1436 4251 1469 4288 aa
1498 4251 1577 4290 vanua
1601 4250 1777 4290 supernomen

161 4335 246 4376 tvvrcs
277 4334 431 4375 rtrsveusts
449 4333 586 4375 rnrscouus
600 4334 660 4375 vmo
675 4334 793 4376 rttnsrnt
815 4336 939 4376 caenum.
1028 4317 1176 4358 Slllllub·

187 4411 229 4467 td
246 4411 376 4466 domnum
391 4425 558 4466 communem
570 4411 717 4466 litterarum
732 4411 842 4467 servitio
856 4412 941 4469 desti·
1035 4415 1109 4472 Licet
1127 4429 1250 4482 pompam
1262 4415 1376 4471 citrarii-ii
1386 4415 1549 4486 principalis,
1559 4415 1667 4469 ritarinis
1679 4414 1780 4470 deliciis

1227 2933 1389 2989 epistota
1411 2935 1526 2992 Llllll'i.

986 3041 1083 3083 avaros
1108 3040 1260 3082 viansensis
1285 3042 1423 3082 ertscovus
1442 3042 1502 3081 vmo
1529 3041 1648 3084 retusam
1675 3042 1770 3084 nicusi.

187 4582 292 4638 ¹tlrtlre
315 4582 395 4652 regim
417 4581 634 4653 Bttrpundionnm
656 4584 792 4665 principi,
815 4585 848 4639 ad
862 4602 943 4655 prtem
958 4592 985 4654 l)
998 4591 1101 4644 urlvuna
1119 4591 1176 4646 ade
1197 4591 1226 4648 S.
1244 4593 1325 4659 Petri,
1348 4608 1407 4647 ctum
1422 4592 1568 4662 epitaphio,
1583 4596 1643 4649 rudi
1661 4597 1777 4664 quidum.

161 4652 321 4722 absumta.
338 4652 549 4720 scriptaamba
562 4653 939 4723 pestdtcsllatalisllomini,
996 4663 1043 4714 sed
1059 4663 1142 4715 salicti
1171 4662 1220 4716 viri
1237 4666 1320 4733 pratia
1345 4665 1547 4735 ltauduuaquam
1568 4667 1736 4736 spernendo,
1754 4670 1780 4724 io

160 4724 227 4790 evtjvts
254 4719 416 4776 solemnitati
443 4725 503 4788 auia
527 4739 572 4777 ror
596 4724 703 4777 viennae
723 4739 776 4778 nnn
802 4725 939 4790 adiuerat,
996 4729 1053 4785 bae
1068 4732 1159 4786 verba.

160 4794 221 4846 aire
235 4802 299 4847 avet
318 4806 353 4845 aa
368 4791 487 4873 Lugduni
507 4792 634 4874 adiuerit.
659 4800 717 4876 tino
735 4803 797 4875 post
823 4797 940 4864 priorem
1167 4802 1374 4859 sbtttttttbtt
1393 4803 1422 4860 S.
1441 4804 1608 4861 LEONlle.

159 4872 320 4987 libide
352 4871 490 4998 tt'iltl
504 4864 921 4991 ibtlltrliitl·rinna
998 4869 1024 4923 ¹¹
1027 4874 1781 5001 iliitltittittiiitiitltilltltbill“l-lt

159 4999 294 5075 Sapaodm
300 4999 624 5086 episetvpusbreiatensis,
637 5002 736 5085 Placidi
744 5006 848 5087 patricii
858 4979 938 5075 illius:
1030 5019 1080 5074 tua,
1096 5009 1228 5066 Gallorum
1239 5013 1438 5081 finibusdmeait
1451 5030 1461 5068 .·
1472 4987 1649 5084 deportamini
1659 4966 1781 5087 ρήιξιιιιιι,

158 5083 181 5130 et
197 5071 340 5156 sapaudus
353 5069 436 5150 abbas
454 5087 500 5142 qur
512 5074 627 5128 canulro
643 5074 827 5129 aurelianensi
846 5090 862 5130 ι
876 5078 940 5131 sub·
1030 5080 1123 5134 deinde
1142 5079 1245 5136 Viennae
1268 5081 1380 5137 clanstro
1395 5085 1530 5154 peculiaris
1543 5087 1613 5139 cellae
1627 5088 1777 5152 conclusus,

160 5143 261 5213 aripert
273 5140 427 5222 problbmo
437 5143 564 5212 episcopo
577 5143 772 5224 andegavensi.
788 5142 942 5201 Leonianus
1030 5150 1130 5220 quadra
1149 5152 1202 5206 into
1214 5151 1271 5222 plor
1285 5155 1360 5208 atritis
1372 5157 1418 5209 toll
1435 5156 1524 5209 ordine
1533 5152 1633 5209 Clirine
1646 5157 1774 5217 militavit,

160 5225 230 5294 rere,
255 5225 327 5265 nune
346 5210 567 5294 archidiaconus,
585 5213 661 5294 ‘idem
675 5213 780 5294 videtur
792 5230 855 5269 oum
871 5215 942 5270 Leo·
1030 5230 1108 5274 tantm
1118 5168 1399 5286 dgrtrimiooiaotaene
1409 5224 1480 5278 vulto
1490 5223 1605 5278 omnibns
1613 5226 1780 5294 undequaque

160 5294 231 5338 amno
243 5278 345 5335 lamule
357 5280 464 5336 biartmt
475 5296 603 5364 episcopi,
621 5283 647 5337 in
662 5296 740 5365 curtus
748 5283 841 5366 ‘gulam
861 5285 939 5340 lude·
1028 5292 1184 5346 ornbntibot
1195 5293 1298 5364 ipaotua
1310 5295 1480 5360 intrariaerit,
1492 5310 1549 5346 cunr
1560 5303 1623 5349 esset
1634 5295 1708 5348 uerbo
1718 5297 1780 5348 doc·

160 5348 324 5420 bttepistuia
345 5349 391 5406 65.
413 5350 544 5407 Convenit
562 5353 632 5409 etaim
654 5355 770 5407 lvotttmvs
794 5361 940 5423 tugertiuet
1028 5361 1103 5415 triam
1125 5362 1211 5416 irruitis
1233 5364 1393 5417 adsalutem
1415 5364 1572 5418 notissimus.
1595 5364 1638 5418 lta
1657 5371 1684 5416 nt
1701 5365 1781 5433 jacin

161 5421 271 5477 moribus
289 5420 403 5489 epistola
416 5421 473 5488 eius
489 5422 597 5477 nornine
616 5425 772 5491 erimposita.
795 5423 846 5478 Sed
861 5426 939 5496 longo
1028 5429 1231 5485 cellulamruam
1247 5432 1447 5502 quamplurimos
1458 5433 1595 5488 monocbes
1607 5431 1711 5494 recent,
1726 5446 1779 5484 nro·

160 5488 274 5547 diversus
290 5501 318 5546 et
333 5490 487 5558 dissimilis,
506 5493 627 5561 quamvis
642 5507 691 5547 nec
702 5501 799 5556 ante,
816 5502 844 5548 ut
867 5495 935 5549 latria
1026 5499 1122 5553 narbet
1136 5514 1193 5554 uero
1203 5502 1300 5554 ambito
1319 5504 1466 5558 ntonaaterii
1480 5505 1548 5625 infe
1567 5503 1652 5555 orbern
1667 5500 1779 5554 inclusos
1880 5515 1884 5523 ·

161 5569 212 5626 tet,
238 5575 288 5615 nee
310 5560 473 5616 habitatione
487 5563 652 5630 dispunctus,
665 5561 817 5617 Leonianus
835 5564 934 5630 abbas,
1025 5569 1059 5621 nd
1071 5571 1265 5638 receptatoribus
1273 5586 1405 5626 nostrerum
1414 5574 1502 5628 otiati
1515 5572 1692 5626 iordinationt
1702 5585 1779 5642 pavr·
1795 5636 1797 5640 ¹

161 5630 388 5702 ttiussepulcruru
400 5631 509 5690 Viennae
524 5647 608 5703 nuper
619 5632 819 5691 observavimus
833 5634 859 5690 in
870 5638 934 5692 sub·
1024 5639 1072 5705 rit,
1088 5647 1112 5692 et
1127 5638 1346 5711 ‹lisciplinabilitev
1357 5641 1514 5700 custodierit.
