3816 6120
164 198 208 254 tls
522 195 637 252 satttto
658 194 686 249 B.
707 192 796 253 blial
816 192 849 249 tn'
870 193 972 250 tetta
993 193 1116 250 tsnttt
1136 193 1169 250 ΙΝ
1188 193 1449 253 betttttbutbts.
1730 200 1781 260 bill

164 314 224 379 titel.
240 325 268 375 x,
284 308 341 377 id).
356 308 443 377 Atque
457 307 511 373 ille,
536 306 569 361 ιιι
583 308 695 369 ueritate,
712 307 807 374 iuquit.
822 306 942 372 reurpni,
960 311 982 366 Α
997 317 1135 376 vagantem
1161 323 1213 361 nen
1243 309 1365 378 despexit
1385 311 1527 379 irrqnirere.
1551 314 1644 380 Opera·
1669 321 1780 384 petrium

163 402 216 471 qtn'e
231 414 284 453 neu
297 408 334 453 est
348 414 512 467 perrenorum
532 403 642 467 ecceptie
654 397 724 466 apud
745 396 845 461 Druet,·
859 398 903 450 sed
917 397 942 449 ir
995 408 1084 450 atttetu
1109 409 1148 451 cst
1172 399 1325 467 diligentins
1340 401 1420 453 iuluer
1430 402 1447 462 i,
1472 404 1541 470 qtted
1565 406 1621 459 illas
1639 411 1780 479 trottaglutu

163 490 224 545 nuni
244 490 339 560 popule
361 497 385 541 et
403 496 477 558 geute
493 488 537 556 qui
559 489 628 541 timet
650 486 730 539 Derim
751 497 774 540 ct
790 486 944 540 nolnrttotem
995 504 1090 543 riori-m
1106 505 1172 558 quius
1186 493 1236 545 isto
1251 494 1377 559 pastorio
1392 495 1526 551 trientibus
1540 497 1657 565 reliquit,
1672 504 1782 556 uranie-

162 581 209 653 ejas
222 580 296 648 fecit,
311 587 428 645 acceptus
445 577 533 630 catilli
548 575 641 644 (tete,
656 575 713 644 dl).
732 576 806 630 Tune
821 591 884 644 crgo
899 577 943 645 qni
994 589 1079 634 status
1102 582 1128 634 in
1150 596 1241 649 cartre,
1265 597 1316 636 uon
1339 583 1455 639 deseruit
1473 601 1632 652 perinundat
1645 589 1670 645 in
1687 593 1781 646 natiui-

162 669 251 738 mpniti
264 678 326 722 suut
341 683 372 721 ex
388 665 512 721 omnibus
531 667 735 737 cognationibus
759 676 837 722 terrae
857 667 943 732 sides,
994 676 1058 723 tate.
1083 670 1243 738 Angelorum
1258 671 1330 725 enim
1347 670 1372 725 in
1389 673 1490 728 coelesti
1510 675 1650 734 altitudine
1663 678 1779 748 glorian·

161 772 251 826 nempe
263 756 403 828 propinetis
417 763 496 822 euque
511 757 651 824 apostolis,
665 772 717 826 qua
731 757 832 811 unitate
844 770 943 811 ceure-
995 758 1079 824 tium,
1095 760 1141 829 qui
1157 767 1246 830 ntique
1259 763 1313 830 jam
1328 778 1485 818 eumenen
1506 777 1626 836 possunt,
1643 771 1781 827 euidenter

161 848 219 902 aiat.
238 847 295 901 llec
309 855 351 901 est
373 842 501 913 proiecte,
521 846 591 914 qued
608 847 688 901 etiarn
709 860 779 901 nunc
794 845 874 900 lectio
887 848 942 900 ait:
993 857 1089 917 gerunt
1100 849 1222 920 liguram.
1234 851 1288 906 Lee
1299 853 1371 907 enim
1384 854 1417 907 de
1428 869 1480 922 quo
1492 871 1569 925 supra
1583 857 1710 925 diximus,
1721 875 1780 930 post

161 936 282 1006 Nunquid
302 935 467 989 ambulabunt
486 935 537 988 due
557 936 663 1004 puriter,
684 935 732 988 nisi
753 935 895 989 conuenerit
907 934 944 988 cis
993 939 1065 993 illam
1076 941 1262 1010 prepriicasus
1273 945 1376 998 ruinam
1389 960 1439 1013 qua
1451 948 1613 1004 coutentium
1627 950 1779 1008 Divinitatis

161 1027 243 1099 {flues
262 1041 302 1091 m,
324 1027 370 1095 5)ι
393 1025 524 1081 Convenit
544 1036 633 1080 nutem
654 1027 767 1094 duobus,
793 1024 899 1081 Cbriste
916 1035 944 1080 et
993 1028 1130 1096 auectam,
1155 1033 1235 1087 etiam
1261 1034 1368 1089 bomine
1392 1036 1515 1092 miserior
1537 1039 1620 1096 laetus
1640 1052 1693 1107 est,
1715 1043 1777 1098 diurn

161 1117 250 1188 bopsi,
265 1118 326 1186 quia
341 1116 374 1170 de
385 1117 437 1171 iste
448 1116 492 1171 ille
505 1114 621 1184 scripsit,
634 1114 765 1170 Conuenit
779 1114 832 1184 legi
846 1123 873 1167 et
882 1128 943 1183 gra·
993 1120 1150 1189 dedignatur
1158 1137 1218 1177 esse
1230 1124 1339 1178 interior
1348 1126 1577 1189 Creatore.oninis
1587 1134 1778 1201 archangelicae

161 1211 208 1275 qn,
224 1210 367 1274 quta‚......
383 1208 428 1261 illa
442 1208 587 1263 districtius
607 1208 743 1277 inposuit,
758 1216 787 1263 ut
801 1207 943 1278 pretiosius
993 1210 1270 1281 potestatisdignitate
1280 1214 1394 1271 nudatos
1404 1217 1514 1272 est.Sed
1525 1218 1584 1274 buic
1598 1229 1684 1277 utnon
1696 1239 1778 1292 quan·

160 1302 203 1356 lata
217 1299 331 1353 ιιιιιιι.
345 1298 477 1353 Convertit
491 1299 595 1352 ueritati
608 1306 635 1352 et
647 1297 804 1366 propterte,
819 1298 879 1367 quia
892 1297 942 1352 ista
993 1300 1180 1372 tulamconquo
1194 1312 1350 1371 potestatem
1368 1306 1516 1363 celestium
1538 1311 1730 1380 ministrorum,
1745 1330 1779 1369 ne

159 1394 258 1466 peperit
266 1394 338 1465 quod
354 1393 397 1448 illa
410 1392 627 1462 concepitllpud
641 1391 749 1447 ludaeos
760 1392 809 1448 ista
823 1391 877 1448 duo
888 1406 942 1447 non
993 1391 1065 1447 selus
1075 1393 1186 1464 perire,
1201 1395 1275 1449 casui
1294 1411 1350 1450 suae
1366 1398 1523 1466 dejectionis
1537 1401 1666 1458 innexuit.
1691 1405 1723 1459 Et
1738 1405 1779 1459 bis

159 1488 253 1557 pariter
275 1486 424 1552 ambolant,
441 1485 500 1539 ideo
521 1500 574 1538 non
595 1483 770 1538 concordant.
795 1482 867 1539 luter
885 1483 942 1552 ipsa
993 1480 1044 1535 bec
1062 1493 1150 1537 tamen
1171 1483 1204 1538 de
1226 1485 1271 1537 illo
1291 1486 1431 1542 erniuentis
1448 1500 1577 1544 creaturae
1598 1495 1687 1562 vigore
1708 1511 1779 1550 nuuc

158 1579 223 1634 urim
240 1579 295 1632 duo
307 1576 480 1632 Testamenta
495 1573 621 1642 quasdam
636 1573 762 1629 mirrutias
774 1582 885 1643 ponrtnt.
901 1574 941 1628 tt
993 1582 1125 1639 superest,
1134 1582 1161 1626 ut
1170 1573 1367 1630 damnationem
1383 1575 1496 1631 loturam
1505 1572 1563 1648 jem'
1574 1585 1705 1650 patientes
1716 1584 1778 1638 dom

158 1684 235 1724 uuam
250 1682 343 1723 rerum
362 1667 445 1721 Deuru
461 1665 512 1720 nisi
525 1679 578 1720 uuo
597 1665 692 1720 itinere
711 1679 763 1718 oen
779 1665 841 1719 itur.
865 1663 943 1718 Certo
960 1653 1454 1730 Bpraeelectorumrit‘enditueriturn
1466 1671 1684 1740 perdiderunt,et
1695 1676 1779 1745 ipsum

104 1794 117 1806 .
157 1760 177 1815 ,ι
192 1768 303 1829 propter
323 1771 495 1827 quascunque
516 1756 582 1809 alias
602 1769 697 1810 eatrsas
716 1763 804 1823 potest
824 1752 942 1819 diverse,
994 1751 1088 1804 saltem
1111 1753 1241 1808 moriendi
1264 1755 1410 1811 remedium
1426 1756 1525 1815 habore
1545 1774 1600 1817 non
1612 1764 1724 1832 possint.
1740 1767 1779 1819 tn

157 1853 266 1907 „rpem
281 1864 335 1904 „on
352 1857 448 1916 potest.
472 1846 549 1917 Apud
565 1861 612 1901 nes
625 1860 689 1902 rere
710 1845 763 1901 ista
776 1846 829 1900 due
843 1844 944 1913 pariter
995 1839 1041 1894 ille
1052 1841 1152 1911 itaque,
1169 1850 1198 1897 ut
1212 1843 1276 1912 diri,
1289 1860 1353 1901 cmo
1366 1848 1477 1917 (piisque
1489 1849 1517 1905 iu
1531 1864 1625 1910 atcere
1634 1855 1780 1910 conditoris

158 1941 301 2013 iunguntur
313 1954 394 2010 „que
406 1939 578 1996 emnium·
603 1938 651 1993 Est
667 1932 754 1993 mn
774 1939 801 1992 q„
817 1936 867 1991 pop
881 1951 943 2007 ppo.
995 1932 1036 1986 soi
1050 1938 1079 1986 et
1091 1933 1218 2001 angelicae
1232 1934 1404 1992 beatitudinis
1418 1938 1520 1996 benere
1537 1946 1696 2011 permansit,
1712 1947 1780 2002 ulte-

159 2032 241 2101 pbetae
257 2030 340 2085 serbe
352 2029 431 2085 etiam
443 2030 512 2099 quod
529 2027 702 2097 personaliter
716 2026 801 2094 accipi
815 2033 905 2095 queat,
919 2024 943 2080 si
995 2022 1051 2077 ries
1063 2024 1154 2080 seduci
1168 2041 1220 2080 non
1233 2029 1335 2095 potuit,
1348 2043 1379 2083 ae
1393 2033 1504 2100 proinde
1518 2049 1567 2090 nee
1580 2037 1738 2105 periclitari;
1754 2050 1781 2095 et

160 2122 269 2177 dualitas
280 2121 337 2190 ipsa
351 2133 429 2190 quam
442 2118 585 2174 eerirenire
595 2132 705 2173 neccsse
715 2127 767 2185 est,
780 2116 817 2171 sit
829 2117 943 2185 primum
995 2111 1092 2168 iactum
1104 2123 1146 2171 est
1159 2116 1186 2169 iu
1200 2117 1330 2189 principio
1341 2117 1375 2174 de
1385 2120 1487 2190 angelis
1498 2125 1569 2192 qnod
1583 2124 1617 2181 de
1628 2125 1781 2186 bominibus

161 2213 304 2270 innomine
318 2228 381 2279 uno,
393 2212 429 2268 sit
438 2211 536 2267 deinde
549 2211 574 2265 in
585 2224 683 2280 genere
693 2208 820 2265 humano.
828 2206 943 2278 Spiritus
995 2201 1023 2257 in
1036 2204 1089 2260 tlue
1103 2204 1252 2262 laciendum
1270 2217 1320 2275 est,
1341 2219 1370 2264 ut
1389 2212 1510 2268 evolutus
1527 2215 1629 2273 scilieet
1647 2221 1740 2278 salutis
1754 2235 1781 2280 et

162 2308 224 2360 emm
239 2313 332 2359 now
346 2314 374 2359 οι
394 2317 492 2372 comus
505 2309 626 2357 nestrum
641 2315 677 2357 ex
691 2300 805 2371 (ἥψω,
819 2299 943 2356 puppup.
995 2295 1151 2364 perditionis
1161 2312 1257 2354 cursus
1270 2309 1366 2354 exacto
1380 2301 1542 2375 impletoque
1564 2322 1676 2364 nurnero
1690 2315 1780 2368 temti·

164 2397 198 2451 tia
220 2396 352 2466 qualitate
369 2401 507 2464 compacta
531 2401 603 2447 suut.
622 2391 687 2459 Quas
709 2389 764 2445 dne
780 2390 851 2446 riam
864 2389 943 2460 hujus
996 2400 1083 2447 netur.
1106 2393 1173 2448 istas
1191 2407 1255 2465 erge
1270 2408 1394 2463 sepemtc
1408 2398 1574 2456 celsitudinis
1591 2417 1655 2459 ones
1675 2406 1780 2478 reliquit

163 2489 243 2543 seculi
259 2499 369 2542 currere
384 2485 535 2540 nullatenus
547 2492 658 2554 queunt,
671 2483 721 2538 nisi
734 2482 802 2538 inter
814 2496 844 2537 se
853 2488 943 2537 custo·
985 2495 1088 2555 paster
1099 2486 1195 2552 benus,
1209 2495 1236 2541 et
1249 2487 1321 2542 uenit
1332 2488 1364 2542 etl
1375 2488 1445 2543 illam
1459 2506 1537 2546 urtam
1549 2508 1625 2548 orem
1640 2497 1778 2565 perditam,

164 2576 206 2633 dita
221 2580 321 2634 diriore
334 2576 510 2633 ordinationis
528 2575 587 2646 lege
601 2576 801 2632 censenserint.
818 2574 851 2633 Si
871 2575 942 2631 enim
995 2577 1780 2652 iucujoasignationep'acebatgenusbumannm,etillam
1855 2620 1858 2625 ·

162 2683 205 2726 nt„
219 2669 363 2738 sutrjaceat
383 2666 495 2736 spiritns
511 2667 611 2734 carnia,
633 2664 680 2721 seni
701 2665 735 2720 ad
755 2664 941 2722 refrenandam
964 2675 1054 2739 rquae
1064 2670 1098 2724 ab
1111 2671 1162 2725 isto
1178 2671 1255 2727 leone
1275 2687 1384 2729 corrosa
1400 2689 1447 2743 per
1467 2689 1497 2730 so
1518 2679 1662 2736 ascendere
1676 2682 1709 2736 ad
1723 2681 1780 2737 itas

158 2761 398 2832 mrrctrpiscentiam
410 2758 489 2815 cedat
504 2759 591 2829 petius
606 2758 687 2813 menti
700 2772 773 2823 care,
788 2756 862 2813 ducit
875 2757 943 2813 dues
995 2761 1136 2829 nonaginta
1157 2776 1253 2817 uorem
1275 2779 1327 2818 non
1341 2764 1467 2834 peterat,
1487 2767 1543 2822 suis
1563 2767 1681 2825 inumeris
1697 2774 1780 2839 rexit,

154 2855 253 2916 rariter
268 2852 414 2907 concordia
431 2851 543 2906 rationis
559 2866 606 2921 per
621 2853 690 2906 viam
705 2852 771 2922 legis
781 2851 814 2905 ιιι
829 2851 942 2919 patriam
994 2849 1054 2920 quia
1069 2850 1095 2904 in
1111 2864 1161 2904 suo
1171 2865 1284 2921 corpore
1303 2852 1471 2909 subleuauit:
1497 2865 1524 2911 et
1538 2859 1645 2927 quande
1660 2874 1719 2914 curn
1735 2861 1780 2915 bo·

148 2943 326 3001 eternitatis.
341 2943 369 2999 Si
384 2954 472 2998 antem
485 2942 548 2998 dom
565 2958 611 3012 per
625 2942 703 3013 lintius
717 2943 807 2999 saculi
821 2929 940 2998 itereor-
994 2939 1067 2994 mine
1088 2941 1178 2996 camis
1194 2952 1339 3012 assumpte
1361 2943 1394 2997 od
1410 2959 1524 3013 superna
1539 2947 1667 3003 colorum
1691 2951 1780 3013 rediit,

144 3032 229 3101 mur.
241 3033 344 3103 spirim
356 3032 517 3099 femmam,
529 3032 644 3087 „nimam
660 3047 723 3087 wo
734 3033 903 3102 pravenefp,
914 3013 976 3088 010
993 3032 1114 3086 eamdem
1128 3033 1220 3102 utique
1236 3047 1295 3102 quta
1313 3034 1346 3088 de
1366 3035 1489 3101 paradise
1508 3047 1655 3103 erraverat,
1678 3041 1780 3110 angelis

139 3119 310 3183 'animem
325 3127 386 3192 'im'
402 3126 530 3195 permissa
544 3125 594 3181 sibi
609 3126 711 3194 peccati
727 3125 859 3190 pponam,
875 3141 944 3195 με.
995 3121 1095 3176 ιιιιιιιι.
1109 3121 1240 3188 Quocirca
1253 3121 1309 3193 jam
1324 3132 1396 3193 patet
1410 3123 1456 3193 qni
1471 3125 1506 3180 sit
1520 3134 1610 3192 paster
1626 3129 1670 3198 qui
1685 3129 1780 3185 liberat

135 3214 278 3282 cluserit,
293 3217 394 3273 deserit
408 3219 465 3287 ipsa
476 3216 600 3272 currendi
613 3218 761 3285 aequalius,
772 3232 832 3286 qun
842 3212 945 3271 homini
993 3209 1048 3264 due
1063 3225 1140 3266 crura
1152 3219 1180 3266 et
1193 3220 1294 3283 partem
1306 3214 1444 3280 auriculae,
1458 3215 1545 3285 etqui
1559 3215 1593 3272 sit
1604 3217 1647 3272 leo
1657 3221 1702 3290 qui
1714 3223 1780 3279 reli-

131 3314 152 3357 ι
173 3310 314 3368 eft-,rore
327 3308 491 3379 precipitur,
502 3315 530 3363 et
539 3307 631 3379 incipit
644 3305 770 3375 impedita
780 3306 837 3376 lege
846 3306 944 3362 metitis
994 3317 1074 3372 qtutm
1090 3303 1203 3360 deterat
1216 3317 1224 3357 ι
1236 3301 1288 3358 bee
1307 3312 1358 3370 est,
1376 3304 1427 3361 iste
1440 3303 1572 3374 Christus,
1587 3306 1634 3364 tlte
1647 3308 1778 3368 diabolus.

130 3400 255 3466 pmii-0,
269 3408 301 3455 et
313 3399 513 3468 superexaltare
535 3399 593 3468 lege
612 3398 742 3467 eorporis,
766 3397 878 3464 oesiam
891 3397 944 3450 dire
994 3392 1098 3448 Onnissa
1112 3407 1176 3448 uere
1188 3401 1325 3464 utcunque
1336 3392 1552 3452 consideratione
1565 3399 1677 3468 carnali,
1688 3400 1780 3458 ridea-

131 3494 257 3557 Νῆις,
274 3500 401 3561 pergunt,
423 3490 555 3545 ibinnnm
572 3492 638 3559 jacet
655 3498 682 3543 et
697 3488 770 3545 aliod
786 3487 891 3558 premit.
914 3488 945 3542 Et
995 3500 1053 3539 mus·
1063 3500 1124 3555 qrne
1139 3486 1173 3540 sit
1186 3485 1296 3540 minima
1312 3499 1373 3555 pars
1387 3487 1509 3558 torpetis
1519 3503 1578 3561 que
1591 3488 1731 3549 devoranti
1745 3493 1781 3552 ie·

131 3574 220 3647 hae,
236 3581 311 3652 qood
326 3579 562 3650 nugisdeleudum
578 3590 629 3643 est,
640 3592 692 3633 non
704 3587 757 3634 tam
772 3578 872 3648 ignaris
882 3576 945 3631 sub·
994 3577 1064 3639 gitur
1079 3576 1248 3630 remansisse.
1264 3575 1354 3647 Neque
1374 3579 1445 3633 enim
1461 3588 1525 3649 poto
1544 3583 1615 3653 quod
1634 3585 1679 3641 ille
1692 3596 1782 3655 paster

132 3684 263 3744 'epum'
286 3686 367 3741 qum
385 3671 556 3727 dominamur
571 3673 664 3727 allisis.
691 3672 772 3727 nocet
786 3671 837 3725 boo
855 3683 945 3725 serino
995 3667 1081 3721 bonos
1092 3681 1147 3721 rem
1159 3678 1211 3720 tam
1223 3666 1428 3725 dilaceratamet
1437 3685 1504 3739 pene
1514 3683 1697 3744 consumptam
1707 3684 1781 3730 tanto

133 3765 192 3833 qni
209 3760 542 3833 sequentiumque,
557 3761 669 3831 irrupit,
690 3763 746 3827 quir
760 3777 811 3813 neu
827 3758 946 3813 timebit?
995 3758 1084 3814 studio
1094 3758 1173 3813 vellet
1185 3773 1290 3824 eruere,
1304 3760 1355 3814 uisi
1369 3763 1505 3831 particulae
1520 3762 1571 3833 ipsi
1584 3763 1671 3820 adime
1681 3765 1782 3834 aliquid

140 3848 283 3909 Dominae
294 3857 391 3906 ιιιιιιι
405 3862 453 3916 est,
465 3852 581 3920 quianon
592 3842 946 3919 propinabit(liidlliPec-
996 3850 1148 3920 palpitantis
1163 3851 1224 3905 vitm
1238 3849 1329 3905 inesse
1343 3861 1532 3935 cognesceret.
1548 3853 1611 3909 Oris
1632 3855 1693 3922 ista,
1712 3859 1782 3913 sicut

142 3953 243 3999 uteru
260 3942 342 4011 lenge
354 3949 474 4010 apparet,
490 3954 572 4009 quare
585 3954 638 3994 non
658 3937 791 4008 legimus?
807 3936 943 4008 Scriptura
992 3939 1047 4008 iam
1062 3940 1195 4009 prolocuti
1206 3955 1310 4008 sumus,
1324 3941 1476 4011 quicunque
1486 3953 1610 4011 peccator
1624 3955 1665 4000 est
1680 3947 1779 4016 utique,

146 4042 239 4102 prope
252 4032 364 4092 οιιιιιι,
380 4044 462 4099 quare
476 4045 528 4084 oon
543 4028 693 4085 credimus?
712 4028 777 4094 Quis
790 4037 832 4084 eat
843 4027 887 4083 leo
901 4044 945 4082 ru·
994 4029 1017 4083 si
1038 4028 1072 4083 de
1091 4029 1175 4084 caulis
1194 4042 1224 4082 ae
1243 4031 1442 4100 protegentibus
1456 4041 1582 4101 evagatus
1602 4042 1698 4104 suopte
1715 4038 1780 4092 vitio

152 4124 248 4191 qim,
269 4122 323 4179 nisi
345 4122 379 4176 do
397 4137 451 4192 quo
469 4121 606 4192 apestolus
620 4121 694 4185 dicit,
710 4122 771 4191 quia
786 4120 945 4175 adcesserint
995 4117 1150 4172 incursurus
1167 4117 1299 4184 bestiam,
1316 4133 1377 4172 cum
1392 4134 1407 4172 a
1422 4129 1530 4187 pastore
1543 4119 1696 4177 declinarit.
1714 4124 1780 4180 llum

156 4224 235 4269 rates
248 4213 368 4267 ctatotua
377 4221 498 4282 tunquam
512 4214 551 4268 teo
564 4213 666 4283 rugiens
678 4214 767 4266 circuit
777 4226 890 4279 querens
901 4213 945 4267 de·
993 4209 1067 4264 enlm
1079 4207 1199 4263 ⁸¹¹¹¹l¹¹¹²²
1214 4222 1261 4277 def
1278 4207 1396 4277 dmm»
1410 4207 1460 4262 ¹¹⁰⁰
1471 4219 1522 4275 0⁵¹2
1537 4210 1599 4265 (¹¹¹¹ss
1613 4212 1712 4280 θθιῑῑιῑ
1724 4215 1780 4269 ¹¹¹³*

160 4318 246 4359 urere
258 4320 305 4358 rer
319 4301 346 4372 (ι
359 4302 465 4370 Puer,
479 4303 524 4374 8)l
540 4303 615 4359 decit
629 4305 726 4360 tutoris
739 4305 942 4369 incolumemin,
994 4299 1038 4355 oia
1048 4299 1230 4370 perituraque,
1241 4299 1357 4354 occurrit
1367 4297 1404 4352 illi
1416 4297 1581 4364 diabolus,et
1592 4301 1780 4372 cogitationem

161 4407 190 4450 tte
213 4404 307 4450 ucetia
326 4394 470 4449 discubitet
487 4394 534 4463 qui
554 4394 668 4464 rugitum
691 4395 769 4464 longe
788 4395 943 4465 premittit:
958 4377 986 4438 Ῑ)
996 4388 1055 4460 &illi
1069 4404 1160 4446 ssl⁰l⁸l¹
1182 4388 1315 4458 Pessfifl‘fae
1329 4388 1511 4458 P⁰f⁸¹¹³⁸i⁰¹li⁸
1525 4389 1635 4446 Ῑῦιῧᾶῑῑ·
1654 4391 1706 4459 0ὓὶ
1720 4408 1781 4450 ⁰⁰¹⁰

162 4486 204 4541 sed
223 4485 300 4540 audit
322 4486 449 4554 rugitum,
472 4494 499 4541 et
520 4500 574 4540 uon
592 4495 669 4541 cavet
683 4488 725 4554 qui
740 4499 865 4558 precepti
880 4503 944 4542 con.
995 4480 1050 4550 jam
1064 4481 1304 4549 concupiscentiam
1317 4479 1414 4550 captivi
1429 4479 1543 4535 beminis
1554 4482 1579 4536 in
1595 4490 1724 4550 potestate
1735 4485 1781 4539 ba·

161 4578 299 4632 scientiam
314 4591 405 4631 secum
422 4575 472 4630 lert
486 4574 520 4629 ad
535 4577 642 4631 exordia
656 4577 770 4647 peceati,
790 4577 945 4634 cenlestim-

159 4682 209 4738 que
223 4667 319 4723 rabido
339 4667 473 4722 intruditur
486 4682 588 4732 mersu,
611 4668 662 4723 uisi
677 4671 815 4738 praemisso
829 4678 945 4726 terretur

159 4758 267 4824 auditu;
289 4757 360 4828 quod
381 4771 472 4813 resera
495 4772 545 4813 nee
565 4757 681 4813 absurde
699 4759 866 4828 conjicimus,
883 4774 943 4813 narn

157 4850 247 4922 statim
279 4848 307 4900 in
336 4847 561 4916 consequentibus
588 4848 702 4917 qualibus
729 4848 811 4917 ipsius
839 4864 945 4904 ritorsus

157 4936 330 4991 ostenditur:
345 4935 490 5002 Quentode,
511 4937 605 5004 inquit,
618 4936 641 4989 si
653 4946 725 4990 meet
744 4946 831 5007 postor
851 4938 884 4993 de
902 4954 946 4992 ere

154 5026 238 5079 leonis
252 5027 305 5078 due
323 5038 397 5077 crure
411 5026 473 5089 eris,
496 5034 539 5077 out
558 5035 696 5078 extremum
708 5034 805 5096 perlem
824 5029 947 5081 auriculis

154 5116 247 5181 temes
269 5131 309 5182 nt,
335 5116 392 5182 ιι).
417 5114 511 5170 Pastor
530 5115 608 5171 uoltis
627 5117 720 5186 procul
742 5117 823 5173 dubie
845 5118 891 5175 illc
906 5131 947 5175 est

154 5207 244 5261 bonus
263 5205 322 5275 qui,
345 5205 446 5262 relictis
468 5207 610 5276 nonaginta
630 5221 723 5262 rnorem
746 5209 850 5275 ovibus,
868 5226 946 5268 unam

192 5363 206 5391 ¹
228 5355 277 5409 llic
292 5355 441 5424 respexisse
455 5353 559 5408 ridetur
574 5353 668 5411 britus
679 5358 711 5411 ad
724 5358 797 5412 illurn
809 5374 941 5417 cottonem

151 5424 264 5478 concilii
284 5423 530 5479 Neoctesariensis:
552 5424 583 5477 st
601 5432 656 5492 quis
674 5430 807 5496 concupito
829 5431 944 5498 ntuliere,

151 5493 233 5545 etium
255 5494 402 5546 coucsbitus
422 5497 478 5563 ejus
494 5494 649 5547 desiderium
668 5499 766 5564 lrabeat,
789 5516 839 5552 nen
859 5513 945 5555 nutem

150 5563 447 5631 suiaeqsotnreffertue,
469 5564 629 5632 »rarescerent
649 5577 685 5620 est
698 5584 755 5623 ertrrt
774 5586 819 5639 prr
831 5572 944 5625 diuinum

297 5652 423 5712 Perstet
459 5651 539 5715 ΗΧ.

997 4574 1062 4630 bere
1074 4574 1167 4642 coepn,
1185 4575 1300 4642 priorem
1311 4572 1507 4642 quodammode
1518 4575 1574 4644 ejus
1584 4585 1688 4645 partem
1701 4591 1780 4632 torax

999 4665 1112 4719 laniator
1125 4663 1274 4719 absorbuit.
1300 4664 1334 4719 ιῖι
1348 4673 1436 4719 ιιιιιιιι
1452 4665 1474 4718 si
1497 4667 1741 4736 concupiscentiam
1756 4679 1781 4724 et

999 4758 1181 4815 definitionem
1198 4757 1298 4826 peceati
1314 4772 1366 4812 uon
1386 4766 1512 4826 sequatur
1526 4755 1647 4825 edoctus,
1664 4758 1782 4816 liberau-

998 4861 1041 4905 tur
1063 4848 1137 4919 quasi
1155 4849 1208 4902 due
1229 4863 1319 4912 crura,
1343 4847 1393 4901 bue
1412 4856 1469 4912 est,
1490 4862 1551 4916 pars
1572 4851 1704 4917 posterior
1723 4866 1782 4919 quat

997 4939 1085 4994 adbuc
1099 4953 1205 4993 cetnresa
1220 4952 1272 4991 oen
1290 4938 1385 4991 luerat.
1400 4936 1466 4989 bam
1477 4936 1527 4989 etsi
1538 4937 1667 5005 quosdam
1681 4941 1782 5007 priores

997 5046 1053 5086 soa
1064 5028 1231 5099 cogitationis
1244 5029 1324 5097 pedes
1339 5042 1387 5097 per
1400 5027 1644 5095 concupiscentiam
1657 5028 1684 5082 in
1707 5030 1781 5085 leuco

999 5121 1085 5177 leonis
1103 5120 1202 5185 amisit,
1221 5130 1248 5174 et
1267 5118 1386 5172 residuos
1399 5131 1467 5186 ques
1479 5116 1512 5170 ad
1531 5116 1654 5172 ellectum
1667 5132 1719 5172 nen
1733 5119 1781 5174 de·

999 5213 1074 5270 duxit
1088 5214 1178 5281 operis
1193 5225 1299 5282 gressus
1316 5220 1329 5247 ι
1344 5210 1528 5266 misericordia
1546 5210 1659 5280 posteris
1673 5212 1780 5281 eripuit.

996 5366 1103 5437 pretium
1115 5365 1193 5434 [uisse
1208 5365 1351 5418 liberatum.
1371 5365 1408 5418 ιιι
1430 5365 1456 5418 in
1469 5374 1572 5420 uetusta
1584 5379 1713 5419 canonum
1727 5381 1781 5420 rer·

996 5437 1071 5558 pinpo
1086 5452 1144 5505 qus
1160 5435 1228 5488 Auiti
1248 5449 1304 5490 aero
1321 5434 1475 5488 Latinarum
1494 5435 1673 5493 Ecclesiarum
1692 5436 1718 5490 in
1735 5452 1783 5493 usu

1010 5522 1034 5558 tlt
1050 5545 1055 5557 .

1547 5667 1583 5725 13
