3816 6120
134 272 193 332 rte
830 273 1093 331 ettotntcorttlttt.
1720 276 1771 332 ttt
1817 323 1820 329 .

137 399 266 447 meatur.
282 387 335 446 Sed
349 403 395 458 eqo
413 386 513 441 unllam
533 386 605 441 aliud
631 387 776 456 mysterium
801 388 872 440 rideo
888 403 932 455 per
945 391 968 447 Α
983 384 1096 440 doarium
1114 384 1222 436 ltreenns
1234 382 1276 436 tlt.
1292 398 1321 443 tt.
1341 382 1426 448 Qeseert
1439 391 1461 436 et
1477 380 1613 450 dispone,
1629 389 1702 454 cujus
1715 401 1769 437 eer-

135 481 272 538 Amnem
288 480 398 533 eomites
418 478 575 550 siqnifieari‚
591 478 641 531 nisi
665 486 788 532 treeeutoe
802 478 888 531 eleeem
907 488 931 532 et
982 477 1014 532 ia
1035 494 1046 532 .·
1065 477 1111 531 l'ir
1130 478 1254 544 eruditur,
1272 477 1362 546 inquit,
1376 477 1419 543 qui
1433 474 1603 530 Prudentium
1617 489 1772 532 retrimenta-

137 582 200 628 oeto
221 572 354 642 episcopos
372 569 432 624 lllor
446 569 490 635 qui
507 570 534 622 in
556 567 666 623 coneilio
681 568 790 623 Nieteno
809 569 932 637 intersne·
982 569 1022 622 rio
1036 584 1124 623 recent
1137 569 1285 632 illustrauit,
1300 569 1340 621 irie
1354 567 1484 636 OEdipum
1501 569 1613 638 aliquem
1632 569 1771 625 desiderat.

137 670 211 729 ml,
221 661 266 715 etii
276 660 358 713 multa
368 658 399 712 de
409 656 555 712 (tamitana
569 656 693 728 reliqione
704 659 842 713 constituta
855 668 931 720 sunt,·
984 656 1059 711 Nihil
1076 673 1139 726 opus
1153 657 1255 729 OEdipo
1269 672 1279 710 .·
1293 674 1338 728 eqo
1353 656 1449 722 Dentes,
1469 660 1490 710 si
1506 659 1588 710 ullum
1601 669 1647 721 eet,
1663 662 1773 730 amiqme

137 751 321 822 redinprimis
335 749 368 804 de
387 749 449 817 fide,
462 764 513 817 qua
524 757 642 802 censetur
651 749 797 813 Aurelianu
810 748 845 801 tot
859 763 932 801 nam·
981 750 1095 815 somam,
1119 749 1188 817 quod
1209 747 1287 818 facile
1301 747 1429 801 intellectu
1452 757 1499 814 est,
1524 750 1547 802 ei
1571 752 1694 816 remmus,
1715 752 1772 806 Tau

136 859 190 914 que
201 839 345 913 sumlolrsm
359 838 496 892 Niroenune
514 847 551 892 eet
565 840 716 906 conflatum.
730 838 863 894 Gieelintts
879 852 932 892 non
983 837 1094 892 litterum
1105 843 1201 908 referre
1210 840 1321 911 panum
1331 839 1413 893 erucis
1426 839 1476 909 (d).
1487 839 1609 910 Superest
1622 842 1772 912 difficultas,

136 929 289 1003 eoqnieseit
305 927 355 998 (a).
369 925 514 981 Sicltnrdns
529 941 593 980 vero
610 929 636 980 in
654 942 713 980 eam
729 926 932 996 interpretatio-
982 945 1058 998 quam
1069 930 1144 998 affert
1158 945 1279 984 uumerus
1292 930 1401 995 auctior,
1414 945 1466 994 qne
1477 947 1512 985 ue
1523 947 1622 988 nereus
1637 948 1772 989 exrntco:

137 1037 203 1079 neta
223 1018 376 1086 deseendit,
393 1031 502 1086 querna
525 1015 631 1072 nemine
653 1017 793 1087 perspicae
807 1016 931 1073 traditam
982 1022 1005 1073 si
1018 1020 1067 1074 ltoe
1089 1038 1140 1076 non
1161 1030 1214 1086 eet,
1233 1022 1302 1092 quod
1321 1023 1467 1089 snspieor:
1491 1025 1551 1092 quia
1564 1026 1635 1091 apud
1648 1026 1772 1081 Hebraeos

139 1112 253 1186 putebat
266 1110 319 1181 (i).
985 1108 1040 1163 Tau
1061 1112 1147 1165 lettera
1164 1112 1286 1166 teriiitur
1300 1111 1367 1166 linit
1393 1114 1470 1184 165
1494 1117 1707 1182 consonantibus,
1732 1119 1771 1169 ui·

174 1204 238 1271 ¹9⁰·
260 1201 390 1270 Suspicor
412 1197 568 1253 Sieltatdnm
592 1199 690 1253 vidisse
713 1198 815 1268 glossas
835 1197 930 1262 loomin,
982 1201 1073 1255 delicet
1089 1201 1169 1257 luet
1188 1218 1222 1267 u,
1244 1217 1354 1270 quarum
1377 1205 1501 1273 posterior
1521 1207 1588 1259 ualet
1608 1222 1666 1266 rea.
1682 1206 1771 1261 eristi·

137 1292 368 1365 eleimonremiqin
375 1292 606 1361 tnntnm‚sedipsn
617 1290 803 1360 interpretatio
812 1290 884 1344 clare
891 1299 932 1343 est
982 1308 1064 1347 masse
1075 1302 1180 1360 eeteros,
1202 1295 1267 1347 sieut
1285 1297 1311 1346 in
1323 1293 1378 1348 lau
1393 1304 1430 1347 ter
1444 1296 1550 1349 iteratur
1564 1307 1679 1363 centnm,
1694 1300 1731 1352 sie
1743 1300 1770 1352 in

136 1387 331 1459 expresse-Sic
340 1385 412 1439 enirn
421 1381 464 1436 leo
478 1381 505 1435 in
515 1382 609 1436 codiee
622 1379 803 1449 Bongarsinno
813 1379 845 1432 nel
859 1394 929 1433 vers.
987 1382 1043 1436 Van
1063 1390 1102 1436 ter
1115 1383 1194 1453 repeti
1211 1383 1300 1436 delere
1313 1400 1368 1438 see.
1386 1383 1432 1438 Est
1446 1395 1531 1439 nutem
1550 1397 1635 1441 ternus
1649 1405 1771 1442 unumne

137 1476 262 1550 iliprui.
284 1492 422 1534 :eeexrttr
444 1473 573 1530 vernaculi
591 1474 669 1541 fidem
691 1470 769 1542 164
785 1470 931 1540 siqnipieont
982 1475 1049 1528 inter
1079 1476 1209 1544 mpstr'cos.
1237 1473 1281 1529 lto
1304 1487 1435 1545 emerqunt
1457 1479 1575 1542 trecenti,
1600 1489 1686 1547 terque
1714 1482 1769 1534 reni

136 1563 931 1639 aneinNieeeaoeoncilioertcottrtitutaneecxvntepiseo-
982 1565 1092 1619 rernuii.
1116 1564 1242 1620 Ceterum
1263 1573 1292 1619 ut
1312 1567 1392 1619 nolim
1415 1568 1463 1621 noe
1481 1569 1608 1637 posterius
1638 1581 1771 1641 procerte

136 1660 190 1729 pir.
204 1659 285 1714 Sede
296 1657 555 1726 addeealoqum‚vttt
567 1652 932 1721 adoeleitetitttdittttpttlt'·
982 1659 1110 1728 affirmare
1124 1674 1134 1712 :
1150 1659 1188 1712 ita
1207 1659 1279 1726 prius
1298 1659 1379 1722 ittet,
1392 1676 1482 1729 nempe
1502 1661 1528 1714 in
1549 1671 1631 1715 mente
1652 1662 1771 1716 latuisse

136 1764 199 1805 nere
211 1757 331 1819 portent.
349 1747 400 1815 Qui
410 1747 450 1802 leit
463 1745 579 1800 amniiut
592 1752 673 1810 earet,
686 1760 816 1815 nunqnam
827 1744 861 1796 ad
869 1759 929 1809 prae·
945 1741 1172 1810 Menedemion,
1194 1764 1251 1802 eum
1272 1747 1319 1802 tres
1337 1764 1424 1802 nereus
1444 1751 1581 1812 scriberet.
1606 1762 1771 1807 memorassem

135 1841 222 1897 dictet
235 1839 404 1894 teatteuttnes
420 1839 558 1907 perreniet.
577 1837 610 1892 Et
621 1836 654 1892 od
670 1848 740 1891 retu.
756 1836 790 1892 57
806 1853 813 1889 :
828 1835 856 1892 St
869 1850 930 1898 outo
984 1838 1135 1908 ulleqoriam
1157 1839 1424 1904 lamentantem,
1440 1856 1515 1908 quam
1526 1842 1596 1909 qnod
1611 1844 1731 1898 manime.

136 1944 272 1985 nereenrt
288 1945 295 1984 ε
310 1928 359 1983 lsti
372 1929 476 1983 trecenti
490 1929 638 1997 mysterium
654 1928 813 1999 siqnipeant,
835 1927 931 1982 sattius
1018 1929 1079 1986 illi.
1099 1930 1207 1984 Clarum
1217 1939 1259 1984 est
1270 1930 1360 1999 igitur,
1376 1945 1391 1983 a
1407 1930 1503 1986 Drinio
1517 1934 1634 1986 notrdnm
1651 1936 1768 1990 solutum

136 2018 301 2075 reuelel‘au
314 2020 442 2090 mins‚qui
454 2019 669 2089 liquramraurne
678 2019 760 2073 erucis
771 2017 875 2090 (supple
885 2018 932 2072 len·
980 2034 1041 2076 esee
1054 2020 1177 2089 enigma.
1192 2021 1225 2074 Et
1240 2019 1364 2074 Burtteius
1377 2018 1434 2089 ipse
1454 2021 1479 2076 in
1499 2025 1611 2092 qratiam
1627 2025 1715 2080 Drusii
1736 2027 1770 2080 ent

137 2111 206 2180 oet),
222 2119 346 2166 trecentos
357 2109 503 2181 sturmen,-
515 2109 537 2163 εἰ
551 2109 587 2162 uie
599 2110 663 2164 seire
676 2110 709 2163 de
721 2111 807 2163 decem
824 2120 847 2163 et
862 2119 929 2175 orto,
981 2111 1093 2182 aenigma
1108 2109 1293 2176 explicandum
1314 2111 1422 2180 aggredi
1442 2127 1472 2168 ee
1491 2122 1605 2169 testatur
1624 2115 1670 2169 tt».
1695 2133 1768 2178 rnre.
1834 2122 1843 2136 ·

137 2202 193 2274 ispe
207 2201 374 2257 arielemetiese
392 2202 515 2255 minorem
528 2216 660 2254 neormam
672 2200 740 2254 intra
759 2215 847 2254 nouem
859 2215 930 2253 eom-
981 2216 1040 2270 cap.
1057 2202 1089 2256 tt
1101 2200 1215 2256 Atlvere.
1229 2221 1235 2254 :
1247 2199 1280 2255 ln
1292 2205 1386 2274 fronte,
1396 2205 1443 2267 nit,
1455 2220 1557 2274 operum
1567 2221 1671 2260 suatum
1678 2209 1771 2262 eunerni

137 2293 253 2366 palatie.
278 2292 307 2348 ld
331 2307 365 2349 ex
388 2291 481 2348 codiee
498 2289 702 2355 Widmeninno;
726 2298 754 2344 at
775 2305 809 2345 ex
838 2289 931 2344 coaice
981 2301 1097 2346 auctores
1108 2293 1172 2346 sueti
1185 2292 1284 2362 aliquid
1297 2294 1385 2364 ᾔρετο,
1397 2296 1476 2364 quod,
1487 2312 1563 2364 quom
1577 2299 1772 2369 primoaspeetu

139 2387 271 2458 ottoque.
297 2402 305 2439 z
328 2384 465 2456 Siqnipeat
483 2385 511 2438 in
531 2383 624 2452 templo
644 2381 804 2437 Constantini
817 2396 931 2437 eeexrttt
982 2398 1084 2454 poscere
1109 2384 1237 2466 rideretur.
1261 2400 1349 2437 curam
1373 2385 1457 2456 exiqut
1475 2387 1704 2454 penniculntiorem.
1726 2390 1772 2443 Sie

139 2482 273 2552 epscopus
297 2478 443 2549 defendisse
464 2476 607 2532 Ecclesiam
632 2473 680 2529 Dei
706 2485 797 2530 contro
824 2475 931 2528 heresin
982 2491 1036 2528 non
1054 2475 1110 2529 sine
1127 2490 1206 2528 causo
1219 2474 1342 2528 lineorum
1355 2475 1387 2527 de
1408 2475 1547 2546 llepssbiiea
1570 2478 1672 2532 initium
1699 2482 1772 2534 toties

139 2575 308 2627 Asianorum.
331 2570 527 2628 chamillsrdne
544 2570 790 2640 interpretationem
809 2568 930 2624 eamdem
982 2567 1089 2619 mutarit
1104 2564 1192 2629 Plato,
1213 2580 1259 2618 nee
1277 2565 1415 2620 llomerica
1435 2569 1487 2620 duo
1515 2568 1627 2638 inqents'a
1645 2571 1773 2625 eoluneina

139 2667 173 2720 sle
186 2663 242 2720 518
261 2663 394 2734 episeopis
409 2666 530 2734 sequitur
545 2681 551 2715 :
566 2662 594 2719 St
617 2677 678 2725 outo
693 2674 846 2716 enecenrt:
866 2659 932 2714 llere
982 2659 1056 2711 unico
1071 2672 1144 2711 uersu
1161 2657 1255 2710 lisinae
1272 2656 1397 2712 AEueidos
1424 2660 1542 2728 peinceps
1560 2661 1663 2716 inclusit
1687 2661 1771 2717 llere.

139 2759 193 2813 deo
204 2757 321 2811 termina
335 2756 398 2811 nileil
411 2755 484 2810 alind
497 2770 574 2824 quom
589 2751 724 2806 concilium
740 2751 877 2806 Nitentem
888 2766 932 2804 ee·
983 2748 1110 2818 Exempla
1124 2763 1261 2817 eouqerere
1271 2763 1355 2815 operte
1369 2765 1419 2801 non
1435 2760 1481 2806 est.
1496 2749 1575 2803 Prnd·
1584 2753 1665 2804 ntium
1675 2753 1714 2807 nel
1731 2768 1773 2806 so-

139 2847 248 2918 pierant,
265 2849 292 2900 in
310 2862 362 2917 quo
382 2846 535 2900 auctoritate
548 2843 725 2913 episcoporum
739 2841 790 2897 ete
808 2841 873 2912 pidet
886 2842 932 2911 pr·
982 2837 1036 2892 iem
1050 2837 1224 2892 Christianum
1244 2847 1342 2906 poetam
1357 2839 1414 2906 qais
1427 2841 1547 2909 inspexit,
1561 2843 1604 2894 cui
1621 2858 1671 2895 non
1686 2844 1772 2911 feeerit

140 2950 212 2994 neta
227 2938 287 3009 [uit.
306 2937 465 3008 lituumque
479 2936 621 3008 sqmlrolum
637 2935 774 2990 Nicoenum
792 2936 932 3004 conpotum
983 2931 1112 3000 neqotium
1131 2929 1240 2999 eeniqma
1256 2929 1439 2993 acutissimum,
1461 2932 1528 2999 quod
1551 2932 1694 3000 profanent
1708 2932 1773 3004 l’sp·

140 3040 188 3085 est.
204 3030 328 3086 Weiteius
347 3040 431 3084 tsmen
445 3039 469 3084 et
491 3027 601 3082 Drueius
614 3028 668 3080 iuer
687 3027 801 3097 referunt
814 3026 848 3078 ad
865 3026 934 3079 litte·
984 3021 1141 3076 rhomaeleioe
1157 3020 1269 3089 prudent
1290 3021 1415 3074 intrusit?
1442 3020 1562 3089 Explicat
1583 3023 1681 3080 deinde
1709 3026 1772 3079 lter-

142 3139 199 3183 tent
215 3121 246 3187 t.
261 3138 320 3192 que
337 3122 433 3192 speeies
456 3130 493 3176 ert
514 3121 607 3175 crucis.
624 3117 754 3172 Weiteius
776 3116 883 3186 quidem
898 3115 931 3168 nd
946 3108 968 3171 C
985 3115 1055 3170 tlrius
1070 3115 1181 3183 {enigma
1196 3114 1222 3166 in
1237 3113 1346 3183 qratiam
1356 3113 1395 3167 oet
1404 3115 1478 3167 um'm
1491 3113 1600 3170 loannis
1613 3117 1712 3183 Derreii,
1727 3121 1776 3173 eies'

143 3230 217 3269 rere.
243 3215 278 3270 57
304 3230 311 3265 ε
339 3212 367 3269 St
394 3227 454 3276 oeno
478 3225 618 3273 nereenrs,
644 3208 801 3265 seutentiam
830 3206 930 3262 Boethii

143 3303 287 3375 descripsit
298 3303 348 3375 (e).

178 3396 241 3451 tut.
258 3394 342 3463 Quem
358 3393 459 3449 Boethii
480 3394 566 3449 loeum
583 3407 643 3447 cunt
658 3393 789 3461 integrum
803 3389 933 3446 Weite'us

144 3487 260 3544 dederit.
278 3486 369 3542 neseio
383 3499 432 3539 eur
446 3485 518 3540 illico
531 3485 564 3539 nd
579 3499 650 3539 vers.
668 3484 702 3538 58
717 3500 725 3539 :
742 3479 840 3554 l'iqum
857 3497 933 3534 noue-

144 3581 226 3634 rinnss
247 3579 363 3649 eruditu,
385 3575 534 3632 iteretrnait
554 3593 561 3631 ι
578 3576 661 3630 t'olns
676 3574 782 3644 Sttpttoe
805 3573 935 3628 olsenrius

146 3673 193 3724 lroe
205 3678 257 3735 ert.
270 3677 294 3724 et
308 3668 421 3722 numerie
435 3666 615 3739 Pqtleaqorieis
628 3665 779 3728 obstrusius,
794 3666 863 3735 qnod
881 3665 934 3736 sere

145 3776 219 3817 nemo
244 3760 338 3828 estqui
360 3766 476 3829 promat,
489 3765 513 3811 et
536 3773 562 3810 se
586 3754 714 3826 OEelipum
733 3756 862 3822 eelsileat,
884 3757 934 3812 uisi

178 3964 220 4034 (a)
235 3959 362 4015 Antoniae
379 3957 551 4012 Nebriesensie
565 3970 679 4012 coenent
690 3956 815 4024 episeopis
829 3957 862 4008 ad
876 3972 936 4009 eon·

146 4033 234 4088 tilium
250 4029 385 4084 Nitenum
406 4028 502 4082 uocatis
516 4027 583 4080 imur
595 4043 731 4080 numerum
751 4027 936 4095 applicandum

146 4113 238 4175 putam
251 4100 297 4155 ted
307 4116 357 4154 non
371 4100 443 4152 rideo
457 4099 518 4167 quid
529 4100 619 4151 irarum
634 4097 727 4150 mmtio
741 4099 773 4147 att
784 4097 935 4159 alleqorr'am

145 4167 287 4243 pertinent,
301 4186 379 4240 quare
393 4167 524 4239 OEdipum
541 4169 582 4222 trie
593 4167 706 4238 aliquem
719 4175 763 4220 aut
778 4164 936 4236 Pptlmqon'·

145 4261 204 4300 turn
221 4251 353 4308 exspecto.

176 4315 220 4384 (b)
234 4311 305 4378 Quid
319 4309 366 4363 eibi
384 4309 443 4363 uelit
461 4308 620 4378 mysterium,
644 4306 681 4359 eie
694 4308 764 4359 enim
780 4305 935 4359 Prudentius

140 4383 450 4456 sppellat,treeentorum
464 4379 501 4431 bis
522 4393 676 4430 novenorum
698 4379 728 4429 ab
742 4377 872 4429 ,lbraleam
892 4392 935 4427 ar·

137 4466 287 4519 neroum,
303 4449 417 4503 nondum
430 4449 584 4517 nquopienn,
607 4446 675 4513 quod
690 4450 765 4499 modo
780 4449 868 4507 eciam,
883 4457 936 4498 tres·

985 3207 1158 3270 eruditissimi,
1175 3206 1260 3275 quiid
1279 3206 1389 3259 numeris
1404 3204 1581 3277 Pqtleaqosieis
1596 3223 1618 3263 et
1639 3212 1773 3281 Silqllinis

985 3300 1117 3353 oiseurins
1134 3298 1318 3368 pronuntiarit.
1344 3297 1428 3367 Negat
1448 3297 1559 3368 intelligi
1575 3317 1653 3368 posse
1672 3306 1706 3357 ele
1721 3306 1773 3358 518

986 3391 1306 3460 PntriltusNiennlS‚quia
1316 3391 1400 3462 fiqura
1411 3391 1517 3461 mqstira
1527 3402 1614 3462 tqpum
1629 3399 1773 3464 quempinsu

986 3486 1024 3539 rei
1042 3485 1189 3539 inanimata
1211 3484 1326 3550 indieot;
1345 3495 1401 3540 tunt
1424 3483 1672 3553 interpretationem
1689 3490 1774 3556 addit,

986 3591 1066 3644 equiem
1077 3574 1208 3630 Weitziue
1221 3589 1252 3629 es
1266 3573 1321 3628 alio
1332 3589 1413 3643 opere
1424 3576 1601 3646 tenneripsit.
1616 3578 1678 3633 Cam
1695 3580 1771 3643 loeus,
1810 3592 1813 3599 ·

989 3666 1074 3736 inquit
1086 3667 1220 3730 Boethium
1237 3664 1358 3719 haetenus
1368 3667 1559 3722 obscurissimus
1572 3670 1598 3722 in
1614 3671 1709 3738 optimo
1721 3684 1776 3724 uate

987 3769 1011 3812 et
1023 3758 1078 3811 uiuo
1088 3755 1136 3810 Dei
1150 3755 1242 3825 spiritu
1253 3756 1343 3825 appleto
1356 3756 1470 3809 omnium
1490 3757 1591 3828 inqenia
1606 3759 1713 3813 illuserit
1727 3760 1775 3830 (e).

988 3966 1040 4021 tur,
1053 3971 1125 4021 erse,·
1141 3956 1200 4024 quia
1212 3954 1306 4008 scilieet
1319 3953 1508 4017 inauspicatum
1521 3959 1611 4011 martir
1626 3962 1775 4017 uocabulum

987 4030 1100 4086 Θάνατος
1114 4026 1145 4078 nir
1157 4043 1185 4078 ea
1198 4025 1314 4095 incipiet.
1328 4023 1388 4078 Jaen
1405 4043 1436 4078 ne
1450 4029 1536 4096 pueris
1546 4031 1648 4098 quidem
1663 4034 1775 4102 iueoqui·

988 4107 1057 4156 tum,
1077 4099 1144 4149 idem
1164 4098 1314 4149 elesnentmn
1336 4094 1432 4148 Gra‘eis
1451 4101 1617 4151 novenarium
1642 4118 1775 4157 nurnernm

987 4168 1137 4236 erprirnere.
1156 4164 1207 4218 Per
1222 4167 1273 4217 dno
1287 4168 1371 4233 itaque
1385 4169 1464 4227 tteta.
1481 4172 1531 4220 sine
1546 4173 1694 4224 novenarius
1707 4174 1776 4227 indi·

987 4252 1039 4298 σεε,
1061 4239 1125 4289 duas
1141 4243 1234 4288 mortes
1248 4245 1271 4286 et
1289 4237 1390 4301 quidem
1410 4250 1497 4289 eorum
1519 4240 1563 4306 qni
1582 4256 1638 4293 eum
1656 4240 1712 4295 Tau
1731 4262 1775 4297 sa.

987 4323 1077 4371 spenso
1091 4305 1201 4359 Doueino
1214 4304 1340 4371 obierunt,
1356 4306 1566 4376 eirrtunloquitur
1577 4319 1652 4379 poete
1720 4315 1776 4367 tlo-

988 4392 1046 4499 qum
1062 4377 1189 4429 latronum
1200 4375 1309 4445 coqnitiu
1322 4386 1345 4430 et
1356 4377 1527 4432 consideratio
1545 4397 1698 4451 neuqnopere
1713 4403 1775 4454 pro.

1008 4457 1054 4509 εει,
1068 4458 1123 4498 ete.

136 4521 430 4603 etitssruesususpicor
441 4529 527 4600 autem
541 4518 642 4570 euantii
659 4516 758 4598 ilicem
772 4517 937 4597 eiqnipentio-¹
1024 4519 1064 4584 ld)
1081 4516 1151 4569 Nam
1165 4513 1252 4567 eudem
1266 4514 1314 4584 (ita
1335 4515 1421 4584 pergit
1439 4516 1548 4573 Densius
1568 4522 1679 4588 primam
1695 4526 1777 4591 reliq.

134 4607 315 4658 mern-estem
330 4605 380 4659 quo
391 4597 543 4642 auctoretate
559 4602 672 4642 eecxuttt
687 4601 863 4656 episcoporum
877 4587 936 4651 peter
952 4575 1068 4639 limatis
1083 4599 1183 4652 partem
1198 4586 1350 4655 declarans)
1371 4588 1398 4639 in
1419 4590 1530 4640 numeris
1551 4598 1620 4642 notet
1642 4603 1765 4648 trecentos

131 4675 243 4721 nostrie
258 4671 318 4715 sunt
331 4659 539 4729 eertaquoedam,
561 4665 588 4710 ut
610 4658 647 4710 sie
667 4658 785 4724 dixerim,
809 4657 936 4724 sleseriptn

131 4733 276 4803 pemeria,
293 4747 349 4783 eum
364 4739 438 4782 antea
452 4731 480 4782 in
493 4731 590 4781 incerto
605 4729 723 4797 pleraque
736 4729 829 4797 perita,
846 4736 868 4777 et
882 4729 934 4778 tra·-

129 4807 292 4861 reticerem
306 4799 441 4854 calumniis
455 4799 583 4868 exaqitatn
600 4801 649 4849 line
670 4799 732 4849 illue
750 4813 796 4865 pro
817 4798 939 4864 cujusque

131 4875 256 4932 tietatne
271 4879 458 4938 torquerentur.
472 4868 506 4921 llt
519 4883 578 4921 reto
587 4869 614 4920 iu
628 4868 693 4919 hune
708 4868 857 4920 sententiam
870 4882 936 4927 earet,

131 4961 204 5001 tune
232 4942 306 5005 elia,
332 4948 386 4993 tum
405 4939 516 4992 mnrime
529 4938 690 4991 vetustissimi
705 4937 868 5006 exemplaris.
890 4951 938 5000 quo

128 5030 237 5072 eumue
252 5012 304 5075 usi,
317 5010 451 5077 effecerunt
464 5009 525 5062 eeeti
544 5012 568 5059 ia
581 5009 708 5076 quendem.
730 5007 791 5060 Non
811 5021 940 5074 repuqna·

130 5089 193 5140 risu
208 5092 309 5146 tamen,
320 5082 343 5134 si
356 5081 408 5133 alio
421 5080 477 5147 quir
490 5025 593 5149 resistet,
608 5078 721 5144 quamuis
733 5093 783 5129 uon
795 5076 867 5130 uideo
877 5076 939 5146 quid

133 5157 186 5211 fite
196 5153 324 5275 reliquam
337 5152 364 5204 in
379 5159 488 5202 urentem
502 5150 585 5201 uenire
596 5149 674 5211 possit
687 5147 767 5199 aliud.

180 5224 223 5292 le)
271 5221 371 5274 artlrius
391 5220 567 5272 acutissimum
590 5216 639 5269 isoe
663 5217 771 5285 eeniqmn
788 5215 833 5270 tte.
851 5229 859 5267 t
879 5215 938 5268 All.

135 5298 206 5350 crit.
221 5309 245 5347 e.
261 5307 285 5345 r.
295 5291 331 5346 ita
346 5290 478 5358 replicat:
495 5287 546 5341 l’ro
560 5302 665 5341 eosetnr
680 5287 813 5352 leqenelum
827 5287 862 5338 eit
878 5300 939 5338 eno·

138 5381 220 5421 surr.
246 5361 363 5416 Trecenti
378 5369 464 5412 autem
483 5358 554 5411 alind
569 5358 634 5410 nileil
646 5357 696 5410 nisi
716 5371 815 5408 erucem
830 5355 939 5407 domini·

141 5451 205 5489 earn
217 5434 365 5502 deniqnant.
385 5431 425 5482 illi
439 5429 531 5482 inclusi
547 5430 648 5492 littere,
672 5426 723 5479 sire
743 5427 865 5477 elemento
876 5440 940 5493 qrae·

143 5507 251 5565 ranieo.
276 5517 326 5572 qna
340 5515 397 5554 eum
410 5514 545 5552 numerum
563 5499 704 5564 exprimere
717 5495 834 5565 maqistri
846 5494 942 5563 linqua

147 5577 321 5630 dederent...
339 5570 471 5636 Sequitur,
487 5578 515 5620 ut
534 5568 597 5637 qnid
613 5583 657 5631 per
672 5568 709 5618 lrir
726 5580 824 5618 novena
842 5563 942 5616 iutelli-

148 5647 274 5717 pendutn,
298 5655 422 5712 apparere
438 5639 574 5709 paciamur.
600 5636 772 5691 Notissimum
791 5643 826 5689 est
840 5644 860 5690 Θ
875 5632 943 5688 tme-

150 5733 204 5772 nem
224 5713 387 5781 mortiterum
402 5711 503 5780 siqnurn
516 5709 644 5776 premaris,
668 5716 695 5760 ut
710 5705 840 5761 Martialis
860 5704 942 5775 ioqui·

295 5803 429 5903 Pronnoi.
455 5801 536 5863 ttx.

989 4656 1107 4708 isidorus
1125 4657 1157 4708 de
1169 4656 1329 4723 etqmoloqiis
1346 4655 1568 4727 :intermqetieos
1584 4660 1682 4716 litteras
1700 4670 1777 4718 tertie

988 4736 1024 4779 nrt
1038 4726 1103 4782 Tun.
1115 4727 1223 4795 tiqurnns
1238 4725 1416 4778 eleneanetrans
1429 4729 1562 4782 dominice
1577 4735 1670 4786 erucis.
1685 4733 1778 4787 tttoo·

990 4813 1081 4865 repuens
1096 4798 1122 4848 in
1135 4797 1321 4849 commentariis
1335 4795 1475 4850 Ezeeldelir
1498 4814 1535 4860 tx.
1558 4802 1584 4862 l,
1597 4803 1708 4871 antiquie
1726 4805 1778 4858 lle-

992 4869 1118 4919 breeorum
1129 4866 1230 4927 litterie.
1249 4865 1339 4932 quibus
1354 4883 1432 4934 neque
1449 4867 1524 4922 lrodie
1540 4884 1645 4924 utuntur
1662 4874 1777 4929 stanni·

991 4937 1055 4999 tani,
1075 4942 1187 4988 extrema
1204 4935 1288 4988 littera
1306 4934 1363 4989 Tan
1384 4941 1466 4990 erteeis
1483 4939 1555 4992 leabet
1574 4941 1768 4999 similitudinem

992 5022 1048 5076 quse
1065 5008 1091 5058 in
1102 5003 1307 5059 Christianorum
1323 5007 1448 5072 frontibus
1465 5009 1588 5080 pinqitur,
1613 5022 1637 5066 et
1656 4991 1780 5082 frequenti

993 5092 1086 5128 neonus
1099 5076 1262 5144 inscriptione
1271 5077 1399 5145 eiqnutur.
1418 5077 1492 5144 Quod
1510 5087 1586 5143 uoles,
1598 5084 1678 5152 erroqis
1695 5089 1779 5138 r'nre·

992 5155 1044 5200 teet
1063 5162 1094 5200 ee
1116 5146 1201 5216 qloesa
1221 5146 1374 5209 ordinario,-
1395 5147 1628 5217 inquaGen.1tr
1646 5154 1712 5213 lere.
1738 5153 1780 5207 ulti

994 5219 1059 5268 lsnne
1074 5217 1206 5268 instoriam
1221 5231 1296 5270 sensu
1311 5219 1450 5288 alleqorico
1468 5219 1590 5284 illituum,
1603 5223 1638 5273 ita
1651 5221 1779 5287 leqimue:

996 5287 1107 5352 Quisque
1125 5302 1171 5355 pro
1192 5287 1278 5338 anima
1304 5302 1351 5337 rua
1372 5298 1459 5338 contra
1483 5289 1628 5357 spiriturits
1654 5293 1779 5358 nequitine

994 5357 1089 5408 bellum
1105 5363 1175 5425 qerat
1189 5371 1246 5406 eune
1260 5357 1376 5407 trecentis
1389 5357 1473 5408 decem
1487 5367 1510 5409 et
1525 5368 1579 5412 oeta
1591 5362 1741 5422 vernaculas.
1753 5364 1780 5414 id

995 5436 1031 5478 est
1050 5441 1107 5478 eum
1127 5424 1224 5475 purilio
1242 5433 1336 5475 suncter
1357 5425 1448 5475 erneis.
1467 5423 1488 5476 T
1490 5442 1523 5478 nu
1542 5431 1711 5494 ensrnlitterm
1724 5448 1779 5501 quee

994 5495 1068 5547 leniet
1079 5493 1188 5561 fiqurum
1201 5492 1294 5555 erucis,
1308 5506 1355 5545 ece
1364 5493 1503 5560 siqnifit‘st.

1031 5562 1067 5629 (e)
1081 5561 1164 5614 'lentii
1181 5559 1367 5625 interpretatio
1380 5563 1492 5617 obseura
1512 5566 1576 5619 milri
1596 5576 1648 5632 est,
1665 5576 1693 5622 ut
1709 5584 1780 5626 nnnc

995 5634 1101 5711 quietern
1111 5629 1223 5710 legitur.
1239 5627 1332 5683 Omnes
1353 5634 1406 5700 sert
1422 5630 1520 5698 Patres,
1536 5644 1589 5687 tum
1608 5636 1691 5691 Greeci
1706 5656 1781 5702 quem

996 5703 1093 5768 Latent,
1108 5716 1135 5752 m
1149 5713 1256 5753 numero
1267 5697 1314 5753 itoe
1323 5701 1376 5758 δ’ὁ
1395 5704 1435 5757 uel
1444 5704 1497 5759 500
1510 5706 1621 5759 rotando
1636 5710 1781 5779 mysterium

1546 5795 1586 5856 23
