3832 6120
156 312 214 368 etl
707 312 751 368 DE
770 310 933 368 contuso
952 307 1120 366 Ptscttttt
1142 306 1205 365 Lib.
1227 307 1245 361 Ι.
1748 310 1801 367 tto

152 423 222 478 anni
234 432 301 479 sunt
311 424 496 493 quadringenti
512 438 617 477 rxsuu.
635 423 819 480 i'mutomncs
831 424 865 480 ab
876 425 959 479 lldam
976 427 1000 488 Α
1049 422 1165 490 Explicit
1188 420 1255 476 liber
1272 420 1473 491 detrusis-girus,
1492 424 1585 493 inquo
1605 424 1715 495 praemi
1738 426 1801 480 anni

149 527 208 580 per
221 513 295 584 legis
305 515 426 569 ordinem
440 515 571 569 nutrierati
586 515 712 583 usquead
724 529 823 570 annum
835 529 961 583 praesen·
1013 515 1151 570 corrclusio
1154 550 1453 568 ...........

144 612 212 658 tem
229 603 298 658 antri
312 602 395 673 quing
398 640 524 659 .....
539 603 666 673 nongenti
676 605 812 673 octoginta
822 613 961 673 quattuor.

1358 740 1778 763 .....................,,,,,

863 1041 1108 1120 LIBELLUS

556 1216 645 1331 tlt]
689 1216 1023 1337 COMPUTO
1064 1215 1429 1332 PASCHALI.

783 1517 952 1602 LIBER
981 1513 1220 1596 PRIMUS.

188 1655 272 1711 llum
293 1655 486 1712 meusrurtosa
501 1654 528 1710 ia
541 1668 570 1710 re
585 1663 638 1710 tam
651 1649 768 1726 graviori
783 1664 807 1707 ct
824 1648 967 1706 stimonium
985 1646 1106 1706 Beunda
1129 1646 1162 1701 ad
1188 1653 1267 1715 caput
1288 1646 1384 1702 iterum
1406 1647 1580 1715 resoluatur,
1601 1653 1671 1708 ltttttc
1690 1652 1808 1711 Lunares

115 1748 229 1802 satis
248 1745 365 1816 optabili
379 1746 538 1817 propensius
549 1744 701 1809 tlesrrdaret,
716 1751 743 1799 ct
754 1744 799 1798 aliu
815 1737 966 1796 anhelando
1019 1739 1141 1794 nrinntirs
1154 1746 1314 1808 genuerunt,
1325 1753 1359 1794 eo
1371 1738 1441 1808 quud
1454 1740 1522 1794 intur
1532 1739 1672 1799 ultrodecirn
1681 1758 1767 1803 aanor
1781 1753 1810 1802 ιιι

113 1829 303 1893 lectitans
328 1837 517 1907 perdurasset,
541 1836 586 1892 iila
611 1836 716 1892 scilicet
739 1850 797 1906 quse
826 1835 962 1889 ltomlncm
1018 1829 1123 1899 integro
1142 1827 1281 1897 pusclra'cs
1304 1826 1364 1884 dies
1380 1829 1552 1894 pronuntiare
1564 1846 1724 1902 possemus,
1740 1836 1810 1890 assis

109 1926 335 1982 mortalibus
350 1926 452 1998 laqueis
464 1934 635 1996 occupatum,
649 1925 759 1995 jejuniis
774 1939 789 1978 a
803 1922 909 1979 delictis
921 1937 968 1977 es·
1018 1918 1289 1976 anusdearcentibus
1300 1919 1387 1975 unciis
1401 1920 1540 1991 perspicue
1553 1923 1703 1980 inuenietur
1711 1932 1810 1994 preter

109 2016 270 2083 piarum
289 2023 398 2086 purgat,
415 2025 443 2070 ct
463 2014 600 2069 beatorum
619 2014 703 2071 elroro
723 2012 870 2078 consociat,
881 2012 968 2067 rocei-
1018 2012 1093 2068 illurn
1107 2025 1194 2066 assem
1206 2010 1330 2066 uidelicet
1344 2011 1482 2078 leriarum,
1498 2013 1543 2082 qui
1555 2012 1719 2070 interannos
1730 2023 1807 2085 quat·

107 2103 213 2162 ucis
231 2103 357 2159 runculis
372 2109 400 2159 et
415 2103 503 2158 alieno
522 2102 620 2158 rubore
639 2116 777 2172 aspersam
801 2100 968 2171 baptismatis
1020 2111 1080 2159 tuor
1094 2102 1295 2173 probissestum
1308 2103 1457 2171 sepissime
1469 2102 1639 2174 subrogatur.
1653 2104 1724 2176 Ergo
1732 2112 1807 2163 uelo·

107 2196 293 2251 tunicam
321 2203 350 2250 ut
374 2193 462 2250 nivern
488 2193 598 2250 exbibet
621 2193 789 2249 candidatum
806 2203 830 2261 ¹,
858 2193 969 2264 suscipit
1019 2196 1077 2266 gies
1091 2204 1183 2265 quatur
1198 2195 1293 2250 aticiae
1306 2202 1397 2264 septus
1416 2204 1442 2249 et
1462 2195 1562 2264 septies
1582 2194 1810 2266 decusdipunlins

109 2288 251 2344 etiam
269 2286 303 2341 in
320 2286 381 2356 agni
396 2287 502 2357 nuptias
515 2285 666 2341 veternosis
685 2286 802 2356 peccatis
826 2283 912 2341 bonus
927 2296 970 2341 tu·
1020 2284 1120 2339 babeas
1132 2298 1215 2339 annos
1229 2283 1362 2352 octoginta
1377 2293 1511 2353 ιιιιιιιιιοι,
1527 2285 1623 2355 quibus
1634 2288 1809 2345 sanctissime

109 2384 228 2443 met,
251 2371 285 2429 in
298 2374 383 2428 ruine
393 2389 457 2431 casu
469 2374 601 2445 dilapsum
611 2373 690 2444 erigit
700 2374 869 2429 sacerdotum
884 2377 970 2444 preri-
1019 2372 1164 2429 memor-iae
1175 2373 1328 2442 Augustalis
1338 2373 1424 2429 sende
1434 2384 1536 2444 septem
1548 2375 1651 2431 assibus
1666 2376 1692 2430 iu
1707 2377 1809 2433 ocdua-

108 2465 203 2523 bus
226 2463 363 2519 recivum
376 2463 490 2519 Domino
505 2464 632 2534 templum
647 2470 675 2520 et
695 2463 767 2519 subit
785 2463 875 2519 odium
890 2464 970 2520 nuiss·
1020 2464 1099 2522 dibus
1117 2474 1145 2521 et
1157 2463 1337 2520 endecadibus
1354 2464 1410 2519 suis
1423 2481 1477 2519 non
1493 2465 1608 2535 propriis
1622 2466 1688 2522 locis
1698 2476 1725 2522 et
1738 2468 1810 2524 sedi·

109 2553 289 2612 rationis
306 2552 410 2624 luigore
422 2554 525 2623 micuit,
534 2554 621 2624 adque
634 2555 754 2612 scientiae
765 2553 969 2622 lumenellulsit,
1021 2556 1070 2610 bus
1093 2554 1249 2620 adnotavit;
1274 2568 1341 2625 quos
1365 2568 1412 2623 per
1437 2570 1522 2610 aranos
1537 2556 1671 2625 octaginta
1684 2566 1810 2625 ιιιιιιιιιιιιι

108 2655 171 2703 ut
191 2645 259 2701 ills
279 2658 345 2716 qus
359 2644 518 2700 videbantur
531 2645 664 2715 gutterenti
679 2654 706 2701 ut
726 2645 889 2701 desideranti
911 2645 971 2715 gui·
1020 2645 1130 2701 annales
1141 2645 1226 2701 uncie
1240 2644 1410 2700 imencruut.
1430 2645 1559 2713 Obouam
1576 2660 1632 2701 rem
1649 2646 1676 2700 in
1689 2644 1810 2716 ejusdem

113 2734 286 2793 busdam
298 2733 404 2790 nebulis
416 2734 556 2790 obscurata
570 2735 736 2805 patelierent,
752 2735 876 2790 uniuersa
888 2736 912 2790 ei
924 2734 971 2789 de·
1021 2734 1129 2791 circulis
1154 2750 1230 2790 error
1243 2733 1404 2804 aliquotiens
1422 2733 1575 2798 incurritur,
1598 2734 1661 2791 dum
1676 2750 1808 2794 artnururn

113 2833 334 2899 tegerentur
350 2824 465 2892 occulta,
484 2838 500 2880 a
521 2839 575 2896 quo
589 2826 699 2882 lunares
712 2841 807 2882 cursus
822 2827 848 2881 in
863 2826 970 2896 integro
1022 2842 1156 2893 numero,
1172 2835 1197 2882 et
1211 2828 1404 2882 elumeuturnm
1415 2827 1538 2882 cursibus
1554 2826 1680 2896 liquidius
1695 2842 1748 2882 non
1760 2827 1811 2882 ad·

119 2920 150 2973 ti
159 2922 365 2984 rrnarrentur,
379 2925 406 2970 et
418 2916 558 2986 pascuales
571 2918 665 2973 circuli
679 2917 730 2972 sibi
745 2916 859 2973 invicem
873 2929 972 2972 conso·
1022 2917 1157 2983 tenditur,
1171 2916 1292 2987 quamvis
1308 2929 1376 2970 uirus
1391 2916 1459 2970 assis
1472 2916 1507 2971 de
1520 2925 1622 2985 septem
1635 2915 1661 2971 in
1676 2915 1810 2986 octoginta

116 3018 268 3065 neantes
285 3020 353 3062 corn
365 3005 503 3064 lunaribus
515 3008 603 3075 annis,
619 3016 646 3063 et
658 3009 876 3063 embolismorum
888 3007 970 3061 titulis
984 2997 1008 3060 C
1022 3017 1147 3081 quattuor
1157 3010 1233 3064 annis
1245 3006 1508 3076 seruperdedncitar,
1515 3017 1541 3062 et
1548 3007 1666 3077 pa=clmli
1677 3022 1811 3079 nunquam

117 3101 215 3157 sine
228 3099 301 3154 ullo
317 3112 410 3154 errore
424 3098 458 3155 ab
471 3099 655 3171 ignorantibus
670 3108 854 3165 noscerentur,
870 3101 895 3153 in
910 3099 971 3170 qni·
1023 3099 1132 3154 omnino
1150 3095 1332 3167 supputationi
1356 3096 1530 3158 conceditur;
1551 3097 1691 3166 ipsumque
1710 3110 1811 3164 assum,

118 3188 201 3246 bus
218 3186 420 3244 ocdoadarum
434 3197 462 3245 et
471 3187 666 3245 endecadarum
681 3191 744 3244 anni
760 3189 796 3243 ita
810 3189 970 3257 investigati,
1024 3190 1169 3258 nisilallor,
1185 3190 1322 3258 proprium
1334 3189 1359 3242 iu
1373 3187 1494 3243 lunarem
1505 3201 1613 3242 cursum
1629 3203 1681 3243 non
1694 3189 1813 3244 interitus

120 3279 257 3351 adque
272 3276 374 3333 disino
397 3276 461 3333 nutu
483 3278 598 3334 conlecti
621 3278 770 3350 signantur,
796 3289 824 3333 ut
847 3280 874 3332 in
898 3280 971 3332 nullu
1023 3279 1154 3345 immisit,
1167 3294 1247 3349 qurum
1260 3280 1349 3348 potius
1363 3294 1444 3348 snper
1458 3293 1569 3334 vacuum
1591 3278 1701 3348 integris
1721 3266 1813 3334 adser-

122 3381 286 3436 prorsrrs
303 3364 431 3422 vacillare
450 3367 619 3440 aliquatenus
633 3370 785 3424 viduantur.
798 3369 899 3437 Quibus
912 3382 972 3437 pro·
1025 3371 1141 3427 tionibus
1154 3369 1301 3426 distinavit
1317 3388 1324 3424 ι
1340 3370 1398 3439 lpse
1410 3377 1468 3436 cst,
1491 3371 1535 3440 qui
1551 3369 1689 3440 paschales
1704 3385 1813 3426 errares

126 3456 297 3514 videntia
315 3455 462 3512 condituris
477 3465 549 3512 tanta
562 3457 677 3512 titulatio
689 3457 776 3513 delixa
790 3459 971 3528 cognoscitur,
1023 3460 1157 3531 gignendo
1171 3460 1336 3527 dinuscitur,
1353 3461 1424 3516 sicut
1437 3476 1567 3517 antrorum
1581 3463 1651 3517 serie
1663 3462 1813 3531 conscripta

122 3560 174 3607 ιιι
193 3550 234 3606 in
253 3561 338 3602 anno
352 3547 458 3603 decium
472 3548 543 3618 regis
558 3545 686 3604 Geiserici
701 3550 762 3603 antri
774 3549 974 3619 quuadringeuti-
1025 3562 1198 3609 monstratur.
1221 3552 1256 3608 lit
1271 3561 1361 3607 autem
1374 3553 1460 3622 ipsum
1476 3567 1578 3618 assem,
1591 3553 1637 3623 qui
1650 3553 1812 3618 excluditur,

121 3642 268 3717 viginti
284 3655 301 3694 a
320 3638 446 3709 passione
458 3638 595 3695 [lominica
610 3640 635 3695 iu
649 3640 735 3709 capite
745 3642 836 3709 prims
849 3640 974 3696 ocdoadis
1024 3646 1146 3700 inven're
1169 3645 1256 3712 possis
1275 3658 1289 3697 a
1305 3644 1382 3716 [sorte
1395 3641 1456 3713 ituci
1475 3645 1663 3713 supputatione
1679 3646 1716 3699 uti
1731 3644 1815 3700 deire·

119 3731 394 3803 complerentur,
409 3737 436 3784 et
455 3730 518 3795 tale,
533 3737 587 3784 tatu
609 3729 774 3793 ludoeotum.
793 3744 873 3798 littam
896 3730 974 3784 Citri-
1025 3735 1077 3789 bis.
1089 3735 1214 3802 Octogies
1228 3745 1323 3804 quater
1341 3734 1412 3789 enim
1431 3734 1543 3790 decess
1557 3737 1633 3791 utricia
1654 3735 1754 3791 lacinnt
1767 3735 1816 3793 tibi

116 3828 329 3882 Seianorum
342 3819 479 3875 inventum
491 3829 531 3874 est
546 3819 743 3891 pascba,quale
757 3828 820 3875 turre
834 3836 848 3874 a
863 3820 974 3876 Doturiuo
1025 3827 1083 3881 dies
1097 3836 1246 3895 nungentos
1261 3826 1369 3895 triginta
1389 3841 1485 3890 unum;
1511 3826 1616 3895 partiris
1632 3827 1815 3895 trigesimum.

116 3928 217 3973 cnm
239 3911 399 3982 [li-cipulis
414 3912 495 3967 luerit
508 3911 684 3967 celebratum.
696 3913 796 3967 Passus
808 3911 910 3967 interea
924 3927 974 3980 pro
1025 3917 1146 3972 inuenies
1161 3919 1276 3972 triesas:
1299 3917 1349 3985 ipsi
1370 3926 1432 3970 saur
1452 3916 1560 3986 triginta
1583 3926 1609 3971 et
1630 3930 1710 3969 utrum
1725 3917 1817 3969 cunbo-

117 4007 242 4066 nobis
260 4002 368 4060 octabu
378 4000 506 4060 kalendas
520 4005 637 4074 Apriles,
649 4004 711 4060 iuna
721 4004 919 4070 sextadecima,
936 4003 976 4060 le·
1026 4007 1107 4072 lismi,
1119 4022 1186 4076 quos
1197 4006 1341 4062 laterculus
1355 4007 1443 4060 omrris
1459 4008 1558 4061 intere
1572 4005 1757 4075 cogurnscitrrr3
1771 4020 1813 4061 rc·

115 4098 188 4157 ria
216 4102 336 4162 seru,
359 4101 387 4150 et
403 4097 550 4151 resurrexit
572 4110 588 4149 a
611 4098 723 4151 mortuis
743 4105 818 4151 sustu
846 4097 976 4151 kalendas
1027 4106 1117 4154 ruranet
1133 4112 1203 4152 unus
1217 4098 1285 4151 assis
1298 4097 1353 4160 illc,
1366 4098 1411 4165 qrri
1428 4098 1452 4151 iu
1470 4096 1522 4151 lune
1536 4111 1667 4151 annorum
1682 4099 1816 4167 octogiuta

116 4190 308 4250 casalem,
326 4184 389 4241 iuna
411 4184 626 4257 duodevigesima
640 4227 647 4251 ,
664 4186 728 4241 leuia
743 4188 827 4257 prima
840 4225 848 4252 ‚
863 4186 932 4242 sieut
948 4187 974 4241 in
1026 4197 1152 4257 qutattuor
1162 4188 1195 4242 dc
1206 4197 1309 4251 septem
1321 4186 1588 4255 serrrperdcducitur,
1601 4203 1691 4257 quern,
1703 4198 1731 4242 ut
1745 4186 1816 4243 diui·

119 4294 235 4340 anno
248 4277 351 4349 primo
360 4275 454 4347 primae
468 4276 595 4332 ocdoadis
605 4276 697 4346 operis
710 4278 779 4345 cepti
797 4275 975 4344 proculdubio
1027 4293 1086 4332 mus
1096 4291 1290 4345 supervacuum
1306 4277 1413 4332 lunares
1424 4278 1543 4332 ruritiutisc
1555 4286 1715 4348 genruerunt.
1728 4277 1816 4347 lpvum

122 4370 335 4447 aspectibus
356 4368 455 4424 nostris
477 4368 601 4424 veridicis
624 4368 774 4423 ostenditur
796 4367 973 4422 documentis.
991 4361 1107 4422 Deliam
1121 4378 1148 4422 et
1168 4367 1300 4436 lgriustiu
1320 4366 1377 4436 cjns
1392 4367 1528 4437 vtrtmicipii
1544 4367 1757 4422 l'trimidcnsium
1775 4382 1817 4422 re·

126 4463 201 4523 Est
217 4461 311 4521 enirn
328 4471 415 4514 annus
425 4472 543 4528 pressim
554 4458 581 4513 in
592 4458 711 4514 ocdoada
724 4460 809 4527 prims
824 4458 975 4528 apassionc
1027 4460 1130 4529 giorum
1151 4461 1273 4516 scribens
1292 4459 1429 4514 ililnriann
1447 4460 1481 4513 de
1506 4459 1608 4514 ratione
1628 4460 1748 4529 prrsclrali
1771 4472 1818 4529 per

131 4552 322 4615 Dominiea
344 4547 623 4620 quadringentesimus
638 4549 782 4621 vigesimus
796 4558 890 4604 sextus
905 4563 975 4602 auno
1028 4551 1159 4619 scripulos
1171 4561 1231 4604 arte
1246 4549 1360 4620 qutidarn
1376 4547 1456 4604 valui
1474 4550 1618 4605 excludere
1631 4591 1638 4611 .
1655 4549 1773 4605 innitens
1792 4548 1818 4603 iu

134 4638 466 4709 textodecimuilcgis,
481 4639 591 4696 mcundt
605 4655 670 4696 vero
680 4639 772 4696 circuli
787 4649 867 4710 caput
877 4655 976 4695 annum
1027 4656 1113 4695 nnnns
1126 4640 1245 4710 singulos
1261 4656 1313 4696 non
1330 4640 1454 4696 undecim
1470 4639 1529 4695 dies
1540 4649 1568 4695 et
1588 4640 1696 4706 uncias,
1713 4649 1755 4695 set
1769 4654 1820 4694 un·

141 4735 257 4793 babet
273 4730 421 4786 consulatu
431 4729 575 4786 Theodosii
590 4731 724 4787 decernet
739 4733 838 4800 septies
850 4740 878 4786 et
892 4729 974 4794 Festi,
1029 4731 1186 4787 decimales
1202 4731 1381 4797 semiuncias,
1398 4731 1460 4786 ditm
1478 4731 1564 4798 selc,
1579 4731 1726 4802 scripulum
1742 4744 1820 4785 suum

146 4826 188 4883 ira
204 4824 303 4895 cuitus
318 4822 372 4877 line
381 4823 416 4879 ab
427 4822 543 4895 AEgypto
556 4823 717 4880 exeuntibus
728 4823 790 4878 liliis
805 4823 886 4878 lsrael
901 4838 976 4878 com·
1030 4823 1269 4887 semissemiuncia,
1285 4822 1344 4878 dua
1356 4823 1431 4887 sein,
1449 4825 1537 4877 miuus
1552 4822 1585 4878 ud
1598 4823 1703 4878 unciam
1718 4820 1821 4892 scripu·

156 4916 239 4986 pleri
268 4919 339 4968 sunt
354 4912 417 4967 anni
432 4912 485 4967 dno
500 4912 583 4968 millia
597 4922 724 4980 centrum,
740 4923 766 4970 et
788 4914 925 4968 intentum
939 4922 980 4967 est
1032 4913 1073 4968 los
1085 4912 1151 4967 duos
1162 4912 1380 4982 cincunsela‚qni
1397 4913 1497 4969 iaciunt
1508 4913 1534 4968 iu
1549 4914 1684 4984 octoginta
1695 4921 1823 4983 quattuor

162 5006 283 5076 pascha
297 5043 306 5069 ,
319 5002 400 5072 quale
414 5003 440 5058 iu
455 5002 572 5074 AEgypto
592 5003 745 5059 aPatribus
760 5004 875 5075 priunum
894 5004 980 5058 lucrat
1031 5003 1109 5057 annis
1124 5004 1255 5073 scripulos
1279 5003 1409 5059 ducentos
1433 5013 1547 5074 quatuor
1570 5014 1670 5059 sestam
1695 5005 1740 5073 qui
1760 5010 1822 5059 sunt

172 5097 371 5161 immolatum
385 5103 465 5165 atque
486 5111 556 5150 anno
567 5095 753 5153 sextodecimo
767 5097 847 5166 lingis
861 5097 979 5153 adnotati
1033 5098 1105 5150 ltorrc
1119 5105 1195 5163 octo,
1210 5096 1409 5166 semispuncta,
1426 5096 1532 5166 ultroque
1544 5095 1639 5150 habeo.
1657 5095 1822 5151 bevidentur

180 5200 243 5246 sent
257 5187 318 5244 duo
328 5187 410 5243 millia
423 5194 529 5243 eentum
541 5187 660 5244 sedecim
676 5190 702 5245 in
722 5190 852 5259 vigesimo
865 5199 892 5245 et
903 5202 981 5244 serto
1032 5188 1097 5242 luris
1109 5188 1237 5243 excluse.
1252 5188 1338 5242 Minus
1354 5203 1418 5257 ergo
1434 5187 1567 5242 habentur
1578 5187 1611 5241 nd
1626 5186 1734 5256 plenum
1750 5185 1823 5239 diem

187 5284 289 5339 rirculo
307 5295 379 5337 anno
391 5282 505 5352 septime
519 5281 624 5338 decima
639 5283 758 5354 ejusdcm
779 5282 891 5349 circuli,
904 5282 980 5351 eujus
1033 5281 1067 5335 de
1079 5280 1232 5348 septenario
1242 5295 1354 5335 numero
1367 5277 1562 5333 excludendum
1577 5277 1658 5333 iturus
1670 5284 1742 5341 tres,
1756 5275 1824 5329 scri·

191 5376 244 5430 mni
272 5372 444 5429 Dominicunt
468 5374 567 5444 paseha
590 5376 677 5446 agitur
702 5376 822 5445 quintum
846 5375 979 5431 decimum
1034 5372 1124 5439 pulum
1136 5371 1269 5435 audeant,
1287 5378 1383 5437 puncta
1398 5368 1509 5432 decem;
1526 5367 1587 5422 ideo
1600 5367 1690 5435 utique
1703 5363 1824 5433 aliquan-

192 5463 322 5520 lialendss
343 5464 441 5535 llajas,
458 5465 519 5520 iuna
539 5466 784 5536 septimadecima.
801 5464 854 5521 Sed
868 5471 898 5519 ut
912 5480 980 5519 unus
1035 5473 1076 5517 tus
1091 5477 1175 5516 annos
1188 5460 1244 5515 suis
1263 5458 1464 5513 adsertionibus
1483 5459 1509 5513 in
1528 5459 1632 5526 integro
1647 5452 1825 5511 determinare

194 5557 255 5612 assis
273 5556 301 5611 iu
326 5555 377 5611 boc
399 5554 499 5611 circulo
521 5556 581 5626 plus
602 5556 765 5623 inveniatur,
782 5564 809 5612 ct
822 5570 837 5612 a
852 5555 912 5612 luna
934 5568 980 5610 se·
1035 5552 1164 5622 ricquirit.
1181 5549 1330 5607 Providens
1341 5549 1420 5620 igitur
1434 5550 1520 5619 ipsum
1534 5563 1622 5606 assem
1636 5540 1825 5602 declinandum

223 5697 237 5726 ⁸
256 5689 361 5747 Sensus
376 5690 508 5749 turbatus.
