3832 6120
138 277 210 334 373
792 268 982 326 robusteis
1002 269 1102 325 clueat
1123 271 1168 326 Vl.
1735 277 1791 332 itt

139 389 321 448 Perditionis
333 386 400 453 erlt3
417 386 506 441 tristes
521 395 582 440 tuuc
597 384 666 439 edita
683 384 784 447 nolum,

960 389 980 442 tl
998 386 1141 450 Splendida
1156 385 1286 440 candebat
1300 385 1402 441 celesti
1418 387 1443 440 in
1458 399 1570 454 corpore
1583 385 1674 450 restis,

137 481 224 547 onas
240 480 354 534 Danimis
367 489 468 532 tantum
485 485 644 547 genuerunt,
668 475 787 531 membra
813 490 945 543 parentes.
1002 480 1031 532 alr
1046 479 1147 531 vultum
1162 477 1256 532 rutilus
1268 487 1434 546 resperserat
1446 478 1562 546 undique
1575 477 1671 547 bulgar,

142 571 222 641 Quis
239 584 388 626 memorare
402 579 482 638 queat
497 568 561 621 tand
574 567 726 623 discrimina
742 582 830 632 casus,

143 667 179 722 ln
200 679 267 734 quae
282 663 444 732 pertrahitur
456 659 562 715 dilecte
576 659 660 728 gloria
672 658 780 714 carnis?

149 758 188 814 st
203 755 263 812 iate
275 755 406 825 longeque
420 762 491 808 tuam
504 752 657 807 discernere
670 761 769 807 sortem

149 849 282 905 Libertas
294 863 353 902 cum
368 845 425 915 lege
438 853 525 916 potest
538 858 589 913 qua
601 843 727 909 necteris,
741 852 770 897 ut
783 850 809 898 te

153 940 242 1008 impia
259 939 376 994 lalleutls
390 953 441 990 non
455 937 586 1005 stringant
600 936 703 990 vincu'a
718 935 818 988 mundi.

157 1033 194 1090 lu
210 1032 323 1088 llariam
338 1028 468 1100 sequeris,
483 1028 554 1083 dono
568 1027 611 1083 cui
624 1026 733 1097 contigit
747 1026 801 1080 alto

162 1123 280 1192 lirginis
294 1131 320 1178 et
334 1124 426 1176 mauis
439 1122 544 1192 gemina
558 1119 675 1191 gaudere
689 1133 797 1185 corona,

162 1213 321 1285 Conciperet
335 1228 395 1268 eum
409 1227 489 1268 carno
506 1212 601 1278 Deum,
615 1212 730 1280 celique
742 1209 853 1265 Creator

163 1307 274 1362 latraret
288 1305 407 1359 clausum
422 1319 547 1359 reserans
561 1303 684 1372 mysteria
700 1311 832 1357 ventrem.
861 1314 864 1321 ’

164 1402 181 1452 l
195 1397 331 1467 genitrice
345 1407 428 1459 satus,
443 1397 490 1452 sed
505 1412 583 1466 quum
598 1395 755 1449 formavere!
772 1393 839 1462 ipsc,

165 1487 247 1553 Elegit
260 1486 372 1539 nitidam
385 1487 419 1541 dc
433 1501 485 1554 uua
501 1485 658 1554 procederet
672 1484 773 1546 alvum,

164 1579 240 1635 bolos
258 1579 303 1645 uni
318 1578 408 1632 carnis
422 1578 558 1647 proprium
575 1575 730 1643 disponeret
744 1582 844 1639 ortum,

166 1671 356 1737 Dnrsciretrpue
370 1668 441 1723 diem
455 1667 542 1735 longe,
556 1676 712 1733 tempusque
726 1661 828 1717 videret

165 1760 219 1827 Duo
232 1758 378 1826 pariendus
391 1765 450 1812 crat
462 1771 471 1811 :
484 1755 621 1824 precessit
634 1753 751 1807 membra
765 1752 896 1805 volumtas.

165 1848 220 1919 lpse
233 1850 305 1904 Deus
318 1846 446 1909 Verbum,
462 1845 598 1910 vestitum,
612 1843 714 1897 viscere
728 1850 845 1908 sumpto,

165 1942 211 2011 ont
226 1958 288 1997 cum
305 1942 383 1997 Patre
393 1940 479 2009 jubet,
494 1945 616 1992 materno
629 1937 657 1991 in
671 1949 783 2003 corpore
796 1933 890 1991 servit,

164 2031 281 2101 Suscipit
292 2039 321 2087 et
334 2029 461 2085 lamulum
479 2027 615 2092 Dominus,
628 2026 671 2096 qui
684 2024 804 2094 jusserat
818 2038 915 2077 arvnnr.

166 2121 294 2190 'lempora
311 2137 358 2189 per
371 2128 482 2190 patrem,
497 2134 544 2186 per
557 2125 668 2172 matrem
681 2114 781 2171 semina
796 2113 890 2167 nescit.

167 2212 210 2268 llla
224 2211 334 2282 quidem
347 2213 458 2267 lecunda
473 2209 532 2276 luit,
547 2224 607 2279 quas
621 2207 737 2277 pondere
749 2216 822 2258 casto

167 2302 305 2359 Fautorem
320 2311 428 2374 portare
438 2316 527 2364 suum,
543 2299 737 2367 Dominumque
749 2309 895 2365 perennem

168 2392 250 2449 Edere
265 2392 426 2463 promeruit;
438 2391 485 2447 sed
502 2390 607 2446 nectibi
617 2389 699 2459 gloria
710 2388 776 2443 torui

169 2484 285 2542 Deluerit
299 2484 373 2554 lacti,
387 2484 523 2539 Cirristunr
536 2483 557 2536 si
572 2480 678 2536 credula
692 2479 774 2535 corde

169 2576 336 2649 Concipiens,
353 2590 463 2642 operum
478 2575 564 2641 parias
578 2572 619 2642 pio
638 2572 759 2641 germina
772 2570 851 2625 coelo.

170 2665 275 2735 Siquis,
285 2666 333 2731 ait,
348 2674 466 2720 nostram
480 2662 653 2733 compleverit
666 2661 761 2716 ordine
778 2660 880 2730 legem,

171 2757 215 2814 llic
227 2757 293 2812 milri
307 2771 413 2826 semper
424 2758 476 2811 crit
490 2755 582 2818 irater,
595 2765 743 2822 materque,
754 2765 895 2823 sororque,

171 2847 271 2915 Aspicis
283 2857 312 2903 ut
326 2863 391 2903 sexu
401 2857 491 2902 careat
503 2845 620 2901 coelestis
634 2847 731 2915 iurago,

171 2937 281 2993 laterior
295 2941 407 2992 sortitus
422 2937 502 2991 lromo
519 2950 598 3004 quam
613 2944 703 2990 mente
717 2936 849 2991 retentat?

171 3027 283 3085 Praebuit
297 3029 448 3099 exemplum
465 3042 577 3097 surgens
591 3042 605 3082 a
619 3034 704 3082 morte
717 3026 870 3096 redemptor

171 3119 324 3177 Femineum
339 3120 456 3175 maribus
468 3133 528 3173 cum
542 3119 582 3173 sie
596 3118 726 3186 proponit
739 3118 879 3173 bonorem.

171 3213 289 3269 Gestavit
302 3223 434 3284 sumptam
450 3220 603 3281 nostropro
615 3211 727 3266 crimine
740 3220 865 3274 mortem,

170 3305 197 3361 lo
211 3309 298 3362 crucis
311 3306 419 3361 exralso
438 3306 557 3374 pendens
570 3303 629 3359 sino
642 3303 755 3358 crimine
768 3301 900 3358 Christus.

170 3402 254 3468 Atque
265 3399 392 3460 animam,
408 3397 483 3453 visos
498 3412 557 3465 quse
570 3410 631 3451 mox
646 3403 779 3450 remcaret
791 3395 817 3448 in
832 3404 917 3459 artus,

171 3489 248 3545 Fixus
261 3489 349 3544 adbric
361 3500 454 3545 sancto
468 3490 548 3544 clavis
561 3488 697 3544 clilaverat
707 3500 764 3542 ore.

172 3579 291 3635 Deseruit
305 3580 395 3650 populi
409 3580 559 3652 spectacula
571 3579 633 3634 talia
646 3586 742 3640 coatus,

171 3668 305 3740 Signaque
319 3671 389 3727 lerre
403 3672 504 3742 nequit,
520 3669 617 3726 coelum
632 3683 692 3738 pure
707 3669 782 3723 triste
792 3669 918 3723 minatur.

172 3757 234 3813 llam
249 3760 290 3814 sol
301 3760 444 3826 obductus,
456 3761 610 3829 vultumque
626 3769 742 3813 retortus
755 3758 789 3811 ab
799 3759 873 3823 orbe,

173 3852 294 3907 Cesserat
307 3852 419 3921 injustas
435 3853 572 3907 nocturnis
585 3851 699 3906 luctibus
713 3851 803 3914 horas,

168 3943 257 4011 Atque
270 3945 417 4013 peregrinis
430 3945 529 3999 aditum
542 3943 615 3999 dedit
628 3942 686 4011 ipse
700 3943 828 4008 tenebris,

161 4034 347 4105 Temporibus
359 4051 455 4107 magno
470 4039 577 4092 mutatis
590 4036 684 4091 ordine
697 4051 796 4090 rerum.

153 4123 226 4180 llox
239 4136 297 4182 crat
311 4129 336 4182 is
349 4129 463 4196 superis,
479 4128 617 4197 lucemque
631 4129 732 4183 interna
747 4127 872 4181 videbant

135 4217 338 4272 (brrtremuit
352 4219 442 4284 tellus,
458 4227 486 4274 et
496 4218 555 4273 nisu
571 4220 667 4274 moeuia
682 4233 777 4288 magno

126 4305 313 4363 (innormis
327 4323 433 4364 summo
445 4311 573 4364 nutabant
585 4311 685 4364 uertice
694 4310 793 4364 cristis.

126 4394 318 4453 Senserunt
327 4409 428 4454 motum
442 4401 535 4469 priscis
545 4400 707 4456 descendere
719 4415 783 4454 sara

118 4485 247 4546 dossa
261 4493 338 4559 locis,
353 4494 511 4564 sonitusque
523 4509 607 4550 noros
621 4494 712 4549 collisa
726 4493 867 4548 dederuut.

134 4571 227 4634 llos
239 4582 309 4637 inter
322 4584 460 4654 strepitus,
474 4586 577 4641 cunctis
592 4583 763 4655 inplumibus,
779 4584 832 4637 ille

149 4662 335 4740 mesenum,
346 4688 498 4744 quanquam
512 4674 626 4744 trepide,
640 4674 783 4742 persistere
795 4680 904 4736 vrriitres,

120 4746 285 4831 Dervigil
296 4770 429 4819 utsancto
444 4764 483 4819 sic
496 4765 587 4819 vivens
606 4778 669 4818 cura
682 4761 805 4831 sepulcro

124 4846 287 4922 Quin,
301 4868 329 4914 et
339 4870 403 4912 voto
417 4873 534 4926 praesens
547 4857 683 4926 persolvat
695 4856 833 4910 lionurem.

120 4931 281 5016 Sangus
296 4947 422 5013 fragranti
437 4955 600 5014 componunt
613 4946 678 5000 illita
691 4960 781 5009 succo,

124 5028 237 5099 Quae
249 5038 356 5093 salvaris
369 5039 470 5092 sairam
482 5047 620 5093 servarent
633 5037 713 5091 lintea
728 5051 834 5105 corpus.

138 5116 223 5182 isis
234 5143 309 5185 arnor
321 5132 448 5201 expensis
461 5131 579 5200 lugubria
593 5128 663 5184 dona
680 5129 798 5196 parabat,

135 5206 331 5287 supremum
341 5222 453 5277 credens
465 5229 550 5276 semet
563 5220 715 5288 persolvere
728 5233 834 5274 munus.

151 5296 209 5362 El
220 5325 279 5366 cum
293 5314 332 5368 sic
344 5314 461 5368 breviter
473 5312 631 5382 praevenerit
641 5313 689 5365 ista
700 5326 853 5381 resurgens,

165 5396 252 5464 Quod
266 5402 425 5457 credebatur
437 5403 597 5458 servandum
612 5415 722 5470 poscere
735 5415 831 5455 murum

171 5483 236 5554 Quo
246 5507 298 5547 uon
310 5491 433 5562 indiguit,
450 5493 568 5561 placatur
583 5505 694 5546 irruuere
704 5490 835 5546 Christos.

177 5573 292 5654 Proque
302 5584 467 5654 respondeus
480 5581 622 5639 coulestim
632 5583 728 5652 grstia,
742 5592 850 5647 prestat

188 5671 316 5744 inpetens
330 5686 440 5733 cernant
453 5674 569 5731 bonraua
583 5686 610 5730 ut
625 5673 723 5733 lumina
737 5673 833 5728 vultus.

1001 569 1129 624 ilatribus
1142 580 1172 623 ut
1181 568 1266 636 dignis
1280 569 1392 623 verbum
1406 571 1515 625 coe'este
1529 580 1651 635 sonaret,

1001 661 1117 731 angelus
1129 662 1274 731 attopruor
1288 671 1380 717 saneto
1396 677 1460 730 quas
1473 662 1561 718 taliter
1572 677 1629 718 ore.

1001 751 1127 808 Femineo
1142 769 1207 809 sexu
1219 763 1322 809 mentes
1338 754 1448 809 transite
1459 754 1559 822 viriles,

1002 844 1056 899 uec
1070 845 1198 914 trepidate
1213 861 1282 899 rrovo
1296 845 1437 902 lortissima
1452 847 1532 901 corda
1548 847 1670 902 tumultu.

1002 937 1136 991 Adversus
1150 937 1205 991 lucc
1219 937 1293 1008 signa
1310 944 1412 1008 peliunt,
1426 952 1474 993 vos
1487 939 1556 992 nulla
1569 939 1677 995 timendi

1001 1027 1088 1083 Causa
1103 1037 1200 1092 manet,
1216 1044 1281 1099 uuas
1292 1043 1355 1084 cura
1376 1029 1410 1098 pii
1427 1029 1567 1084 confirmat
1581 1029 1689 1084 amoris.

943 1193 945 1195 Ι
1002 1119 1136 1186 Quaeritis,
1148 1136 1274 1190 agnosco,
1288 1123 1403 1193 pretiosa
1418 1123 1445 1177 in
1457 1122 1521 1179 sede
1533 1124 1648 1193 sepulcri

1002 1211 1119 1268 solemni
1132 1228 1215 1281 nuper
1230 1214 1387 1269 tumulatum
1404 1214 1496 1270 lunere
1506 1213 1606 1268 lesum.

1002 1303 1054 1358 Sed
1071 1304 1223 1358 meminisse
1236 1304 1313 1358 decet
1326 1305 1387 1374 quid
1402 1305 1529 1375 prtescius
1542 1321 1588 1359 ore
1602 1305 1671 1359 ddeli

1002 1393 1104 1449 Dixerit
1118 1404 1179 1449 ante
1189 1395 1301 1461 obitum,
1312 1396 1412 1466 duplici
1427 1389 1479 1451 uo¹n
1494 1395 1608 1465 amplius
1622 1396 1672 1450 ulla

1001 1485 1167 1543 Servandom
1181 1502 1210 1542 se
1225 1499 1313 1551 nocte,
1325 1490 1416 1558 etjam
1428 1489 1482 1560 jam
1497 1491 1591 1545 tertius
1605 1489 1648 1543 bic
1661 1497 1702 1544 est

1002 1578 1052 1645 Qui
1066 1579 1181 1647 complet
1195 1579 1325 1649 promissa
1337 1579 1411 1634 dies:
1426 1587 1497 1649 patet
1511 1595 1574 1637 ecce
1586 1580 1737 1650 sepulcrum

965 1673 989 1734 Β
1003 1665 1125 1722 Deseruit
1134 1683 1247 1723 vacuum
1263 1670 1331 1723 victa
1347 1673 1415 1739 rpuoi
1432 1679 1517 1725 morte
1532 1685 1684 1741 resurgens.

1041 1756 1142 1811 Taliter
1155 1759 1276 1813 excelsus
1285 1759 1360 1828 jusso
1372 1774 1497 1815 sermone
1511 1760 1642 1824 minister,

1006 1846 1152 1913 Sparsurus
1167 1847 1265 1901 mundo
1279 1847 1369 1902 vitalis
1383 1850 1452 1904 dona
1467 1849 1603 1918 triumphi,

1008 1936 1059 1990 llas
1075 1937 1187 2005 primum
1200 1938 1316 2008 gaudere
1331 1938 1414 2004 dedit,
1430 1941 1552 2009 luctuque
1565 1940 1669 1995 levarit.

1007 2026 1081 2082 lbant
1091 2028 1229 2096 impavidae
1244 2028 1368 2096 loetoJam
1383 2040 1490 2099 pectore
1506 2037 1614 2096 matres,

1005 2115 1119 2173 Credula
1134 2127 1269 2189 concepte
1283 2131 1420 2175 servantes
1433 2122 1512 2175 cordo
1527 2122 1617 2188 saluti,
1663 2160 1672 2195 p

1005 2210 1071 2265 Cum
1086 2210 1203 2266 medium
1217 2224 1277 2266 sese
1291 2209 1412 2266 Christus
1422 2213 1604 2283 gradientibus
1619 2214 1706 2280 oller-t,

1004 2299 1172 2370 Agnoscique
1181 2299 1267 2369 jubet,
1279 2301 1376 2370 blando
1388 2312 1415 2358 et
1428 2317 1552 2359 sermone
1565 2306 1671 2360 salutat.

1005 2389 1054 2454 lte,
1070 2389 1117 2454 ait,
1131 2396 1156 2442 et
1170 2389 1268 2444 nostris
1288 2389 1345 2445 lraec
1358 2391 1411 2459 jam
1425 2391 1547 2447 mandata
1564 2393 1662 2450 relerte

1007 2479 1155 2548 Discipulis,
1169 2480 1259 2534 norint
1276 2489 1303 2535 ut
1319 2482 1473 2538 surrexisse
1487 2483 1652 2553 magistrum.

1007 2569 1060 2624 illae
1071 2570 1216 2640 complexis
1228 2571 1345 2641 deligunt
1357 2574 1566 2644 osculaplantis,

1006 2665 1094 2734 Atque
1106 2663 1138 2719 ad
1154 2664 1300 2734 discipulos
1311 2666 1393 2722 alacri
1406 2681 1466 2722 cunr
1487 2677 1577 2724 mente
1587 2679 1736 2731 recurrunt,

1007 2753 1187 2825 Doctoresque
1197 2755 1304 2821 docent,
1320 2765 1348 2811 et
1358 2772 1416 2828 quae
1429 2759 1576 2827 spargenda
1586 2774 1634 2828 per
1647 2759 1737 2814 orbem

1005 2843 1123 2899 Primum
1138 2845 1263 2901 lemineis
1277 2848 1400 2903 instructi
1414 2847 1518 2903 discere
1532 2849 1632 2916 uerbis,

967 2975 989 3034 C
1007 2934 1162 3005 Agnoscunt
1177 2936 1291 2990 aninam
1304 2936 1392 3005 potius
1406 2951 1485 3006 quam
1496 2938 1587 2994 vivere
1598 2953 1702 2994 sexum.

1041 3025 1195 3082 Communis
1210 3029 1294 3083 virtus
1307 3027 1395 3098 igitur,
1409 3043 1550 3084 commune
1564 3030 1691 3098 periclum

1007 3116 1133 3171 lintribus
1147 3127 1226 3186 atque
1239 3118 1317 3185 uiris;
1333 3118 1403 3176 nulla
1418 3128 1459 3174 est
1473 3119 1597 3174 distantia
1612 3120 1719 3176 cordis:

1008 3209 1117 3265 [lectum
1131 3211 1198 3265 velle
1212 3210 1314 3279 subest,
1328 3212 1350 3265 si
1363 3213 1446 3281 gratia
1458 3219 1562 3268 constat
1574 3213 1701 3282 utrisque,

1006 3302 1054 3356 Cui
1069 3312 1157 3358 tamen
1172 3312 1274 3358 attento
1290 3303 1403 3359 desudet
1416 3305 1469 3359 vita
1483 3305 1583 3360 labore.

1007 3397 1060 3450 but
1073 3395 1136 3465 quid
1151 3395 1220 3450 dona
1232 3396 1325 3465 iurant
1339 3396 1483 3466 bominem,
1498 3399 1520 3451 si
1535 3405 1624 3452 mente
1634 3397 1719 3453 soluta

1008 3485 1104 3556 Turpia
1120 3487 1244 3541 collatum
1259 3485 1417 3557 disperdant
1430 3488 1482 3541 otia
1499 3487 1613 3542 munrrsl

1007 3575 1141 3632 Auxilium
1156 3587 1265 3633 conatus
1275 3586 1348 3633 amat
1361 3595 1368 3631 :
1383 3577 1441 3647 quis
1452 3592 1565 3647 uanique
1576 3585 1712 3632 vacantem

1007 3669 1131 3737 Adjuvet,
1143 3679 1188 3724 aut
1202 3683 1297 3724 somno
1309 3669 1432 3724 uirtutem
1445 3667 1540 3737 jungat
1554 3668 1654 3722 inerti?

1042 3759 1165 3816 Coelestis
1174 3774 1221 3814 rex
1235 3758 1289 3822 ille,
1306 3773 1402 3825 parans
1415 3757 1555 3813 discedere
1568 3757 1655 3821 terris,

1009 3852 1154 3923 Argentum
1167 3849 1284 3912 lamulis,
1299 3857 1328 3903 ut
1339 3849 1399 3918 uuis
1412 3850 1509 3903 virtute
1524 3846 1638 3908 valebat,

1009 3940 1131 4010 Quasique
1146 3939 1230 3993 minas
1242 3939 1338 4006 primo,
1353 3936 1485 4006 duplicem
1501 3936 1546 3990 dat
1559 3944 1632 3988 sorte
1646 3932 1774 3988 secundo.

1010 4036 1096 4102 Atque
1109 4032 1195 4101 impar
1207 4031 1309 4098 magnis
1322 4029 1440 4096 suscepit
1456 4028 1549 4082 tertius
1561 4040 1651 4080 unam.

1009 4124 1083 4180 'luirc
1095 4125 1134 4179 sic
1146 4122 1286 4177 discedens
1301 4119 1413 4175 lamrilus
1428 4119 1505 4173 simul
1517 4117 1623 4171 iustruit
1636 4129 1739 4171 omnes.

1010 4216 1085 4270 Nunc
1095 4214 1117 4269 si
1127 4214 1187 4285 piris
1201 4223 1317 4267 vestrum
1329 4209 1422 4264 devota
1434 4216 1522 4262 moute
1537 4206 1623 4261 ddelis

1008 4304 1135 4376 Experiar
1150 4303 1238 4368 luerit,
1253 4309 1356 4371 urraestu
1370 4297 1518 4354 noscendus
1527 4297 1562 4352 ab
1576 4297 1628 4352 isto

1008 4399 1065 4466 Qua
1079 4397 1138 4468 quis
1152 4397 1187 4452 sit
1201 4395 1296 4449 virtute
1310 4403 1415 4465 potens,
1431 4405 1483 4462 oua
1498 4389 1625 4456 praeditus
1637 4395 1707 4445 arte.

1009 4486 1160 4541 Thesauros
1173 4483 1306 4554 geminate
1320 4495 1404 4547 meos,
1419 4495 1519 4549 usuque
1531 4479 1623 4548 polite,

1010 4576 1102 4632 livida
1117 4591 1150 4630 ue
1163 4575 1245 4629 iacies
1258 4572 1327 4642 pulla
1340 4571 1462 4641 rubigine
1474 4571 1559 4640 tingat

1011 4667 1138 4736 decipitis
1151 4667 1263 4721 nitidum
1279 4679 1345 4732 pura
1360 4663 1430 4734 quod
1443 4662 1531 4719 lroutc
1544 4661 1691 4718 metallum.

1013 4759 1041 4816 Sl
1056 4758 1173 4822 redeam,
1186 4754 1287 4812 meritis
1299 4755 1430 4828 addentur
1445 4754 1552 4822 premia
1562 4752 1640 4820 iustis

1015 4851 1096 4916 Dixit,
1111 4858 1138 4905 et
1151 4850 1275 4904 abscessu
1289 4848 1407 4902 coelestia
1422 4860 1503 4915 regna
1518 4844 1622 4915 petivit.

1013 4941 1158 4996 incubuere
1169 4939 1221 4993 duo
1235 4938 1315 4994 studii
1330 4936 1475 4994 certamino
1487 4949 1586 4990 verne.

1016 5031 1130 5087 licuerat
1140 5030 1185 5084 ille
1198 5028 1265 5083 citus
1279 5037 1383 5097 partem
1398 5026 1562 5096 splendentis
1576 5023 1675 5088 acervi,

1016 5120 1180 5192 Pauperibus
1193 5120 1266 5186 largo
1277 5119 1437 5189 dispensans
1449 5118 1562 5186 plurima
1577 5114 1658 5178 dono,

1015 5212 1118 5271 Crescit
1131 5220 1159 5266 et
1172 5211 1198 5264 in
1208 5210 1330 5265 cumulos
1343 5207 1469 5278 quidquid
1480 5204 1616 5261 coulcrtur
1628 5203 1730 5274 egenis.

1016 5302 1159 5371 uxponens
1171 5300 1239 5354 alter
1248 5299 1317 5355 sacri
1329 5298 1455 5370 mysteria
1469 5295 1554 5360 verbi,

1016 5395 1117 5452 Usuras
1131 5401 1224 5447 sancto
1236 5389 1333 5459 gaudet
1345 5400 1519 5443 concrescere
1531 5385 1616 5448 lucro,

1017 5484 1051 5541 Et
1062 5484 1172 5552 cupidus
1187 5480 1252 5534 recti
1266 5481 1346 5532 vitam
1361 5476 1423 5531 dum
1434 5476 1563 5547 praedicat
1574 5474 1658 5530 addit.

1019 5581 1051 5630 dt
1062 5573 1135 5629 solus
1150 5567 1259 5624 minimo
1270 5568 1384 5636 sumpsit
1396 5567 1440 5636 qui
1452 5567 1571 5636 pondere
1585 5563 1688 5624 libram,

1020 5662 1137 5721 Delossis
1150 5660 1289 5716 scrobssbus
1308 5661 1442 5730 marsupia
1455 5672 1542 5715 mersa
1557 5651 1665 5725 locavit,
