3816 6120
131 246 183 307 tui
765 241 934 301 tuctuttts
953 239 1088 299 metuit

131 360 167 416 ad
188 360 254 415 diem
276 361 386 431 priorum
405 359 472 415 titii
499 360 630 417 annuatim
650 358 757 415 subtristi
779 358 914 429 smtioituta
928 358 952 416 Α
966 356 1076 425 primunt
1086 354 1227 409 introducta
1238 354 1272 409 sit
1281 352 1369 425 tepula
1381 350 1602 421 stimuleum

133 451 300 507 celebratam.
320 451 352 505 Et
367 451 478 522 quidem,
491 448 590 504 etiamsi
602 464 669 503 asico
679 448 731 505 itt
745 448 814 520 apati
823 449 915 509 Sootat
966 444 1036 499 ribus
1049 446 1149 501 suculis
1163 446 1268 513 plurimi
1282 445 1338 499 noui
1350 445 1425 498 uerti
1439 444 1545 499 ordiuos
1555 460 1602 501 tao

133 543 191 595 dem
210 551 357 613 sumptuoso
375 541 486 595 rmoobia
506 539 674 604 obtinueritt23
695 547 818 607 ultumis,
839 536 917 606 lostqo
969 536 1010 592 Ea
1021 536 1124 591 orcbioo
1135 537 1213 609 iqilur
1224 535 1414 590 Dusiltooenris
1425 534 1602 599 Erclaaimrt

134 640 246 700 tempore
259 634 326 687 tunc
343 629 465 697 Orationem
483 628 649 699 mutuastipstpq
667 628 693 696 ist
711 626 837 701 qlmsiim
853 625 918 681 laris
968 638 1018 684 tem
1030 628 1152 689 lisdfneut
1167 629 1335 683 monasticum
1348 627 1481 697 daaimit
1497 624 1602 698 oirraiiq

134 729 306 774 conterentem
322 719 403 793 fuisso
415 728 520 789 tastqtur
534 726 606 787 urotp
623 717 760 791 disciplina
778 716 918 779 monastica
968 733 1047 777 nautis
1057 716 1187 779 Thousou
1198 717 1300 783 Status,
1314 715 1453 777 ntoscclm
1463 713 1602 785 Mediatit

134 808 247 864 oSeotir
258 806 388 862 mouuelris
402 804 628 878 peerrotaoiom,
638 802 919 874 autumnitatem
968 808 1077 862 berrimo
1100 807 1305 877 bonsermicmis
1325 806 1437 861 canobio
1456 806 1602 878 prostatus,

135 897 350 951 cismarinum
360 897 552 967 posrpoosiittt,
565 911 610 965 oro
621 896 808 967 panormum
818 910 917 960 torota.
970 901 1136 955 butclosnm
1152 902 1208 953 cau
1228 898 1287 953 attis
1300 897 1458 951 documentis
1474 896 1602 969 antiquis.

135 988 246 1057 repostam
262 987 449 1043 benedictinam
466 995 643 1057 susceperant,
660 984 872 1057 quemadmodum
888 999 920 1037 ta
969 999 1040 1045 rante
1059 990 1143 1043 auius
1157 990 1227 1059 apuu
1242 986 1333 1043 Scotos
1350 988 1493 1040 ortirodouo
1507 993 1534 1040 el
1550 984 1602 1041 cuti

135 1077 212 1132 ousiis
230 1078 293 1133 iocis
307 1079 441 1133 monastici
456 1076 552 1134 Scotiei
578 1076 738 1133 instruimur.
755 1076 875 1146 Adeoque
888 1075 920 1129 de
970 1084 1053 1153 plone.
1069 1078 1302 1148 acuminati-et
1313 1078 1602 1149 piissimusuosterpate

135 1169 212 1241 trojus
225 1171 323 1240 antiqui
334 1169 491 1225 monumenti
504 1169 694 1224 authenticitate
704 1166 804 1225 asilum
816 1166 921 1225 rtatim
970 1187 1028 1226 suot
1042 1170 1101 1224 aliis
1115 1168 1246 1223 monacbis
1261 1166 1495 1237 duofmmlemibus
1508 1164 1541 1220 ai
1554 1174 1602 1237 apt

11 1328 22 1341 Ι
135 1259 284 1314 isstuoeuirc
295 1259 385 1328 tiebat,
398 1275 465 1327 oum,
477 1267 536 1313 ants
551 1259 656 1329 [atatem
665 1258 875 1313 monasteriorum
893 1258 920 1312 itt
971 1264 1040 1316 dom.
1054 1259 1296 1315 toonnciiomsm
1314 1257 1463 1311 monosterii
1476 1252 1602 1313 susat

137 1348 227 1417 Spolia
248 1349 448 1415 domtatiottem,
472 1349 584 1418 plurima
607 1357 692 1404 retem
711 1357 873 1403 maameata
893 1350 922 1404 itt
972 1350 1119 1405 Rutiliana
1132 1350 1222 1404 albata
1237 1348 1387 1419 dipoissimo
1402 1353 1521 1412 seratur,
1540 1352 1565 1400 a
1584 1342 1602 1401 ii

139 1437 306 1509 liemarum
318 1438 439 1505 souoiiis
451 1438 589 1507 promti·
601 1436 732 1493 dunelmi
744 1446 770 1493 st
780 1435 922 1493 mutatae
971 1441 1145 1497 comitialis
1155 1440 1315 1503 metitum,
1326 1437 1468 1508 piissimum
1478 1435 1559 1491 sitast
1568 1434 1602 1491 du

112 1528 187 1597 'dot
200 1537 358 1597 omturtata,
374 1544 431 1599 qua
447 1529 549 1595 quidem
563 1529 616 1585 dua
627 1529 922 1600 mmadedoqttoddom
972 1549 1029 1587 mur
1046 1531 1163 1586 arctioris
1181 1530 1325 1599 aucipites
1343 1527 1487 1582 mendica
1506 1524 1602 1581 riade:

136 1619 225 1681 uteris
237 1619 378 1690 disciplina
388 1621 521 1691 uestigium
530 1618 663 1677 satiauitsa
672 1618 789 1675 ridentur
800 1622 924 1691 usquead
973 1638 1069 1678 onusta
1080 1620 1158 1687 tait,
1169 1635 1219 1691 qao
1233 1618 1380 1691 rethiosam
1393 1617 1506 1671 estimant
1520 1613 1602 1671 Deest

137 1707 455 1780 montemtremitum
465 1709 597 1769 distinctor
607 1709 919 1780 epicopatusersctasaut.
936 1707 960 1768 B

458 1920 753 2068 ortuo
797 1918 1436 2069 itONASTlCUS
1470 1840 1602 1977 ,·····

271 2141 331 2225 ΙΝ
359 2138 581 2225 VETERI
617 2136 837 2221 SCOTIAE
872 2137 1253 2223 MONASTERIO
1288 2136 1368 2219 DE
1403 2132 1602 2219 itin-m

779 2291 860 2349 utttt
879 2290 1111 2351 abstenturus.

836 2428 1079 2447 *-

172 2532 308 2591 Sarranus
325 2527 472 2598 discipulus
491 2527 522 2584 S.
533 2525 657 2592 ostiani,
675 2526 748 2583 cirea
760 2542 861 2582 animum
873 2529 926 2585 tta
978 2548 1038 2590 esse
1056 2534 1214 2601 debuerunt,
1231 2548 1388 2605 quocunque
1405 2536 1468 2591 anni
1483 2544 1602 2607 tempore

138 2619 278 2677 melificavit
300 2618 495 2675 utouasterium
514 2616 671 2685 doCulros,
692 2617 783 2688 ibique
802 2631 925 2687 magnam
978 2624 1199 2695 puisumexoilati
1212 2624 1602 2697 itauttaedlanoctesempers

137 2713 310 2784 conspreqatit
332 2709 524 2769 mouaolrorum
544 2710 791 2780 congregationem,
808 2726 876 2782 quot
898 2713 925 2771 io
978 2715 1012 2771 nd
1031 2716 1133 2787 riqitias
1152 2724 1299 2775 nocturnas
1321 2718 1494 2787 peragendus.
1515 2716 1602 2785 Qttae·

138 2804 234 2866 timore
248 2802 295 2858 liei
312 2809 341 2858 et
359 2801 387 2861 in
409 2815 502 2871 utaque
519 2800 682 2857 coutinentia
702 2801 856 2866 custodiuit,
878 2803 925 2873 qui
980 2806 1099 2876 integras
1122 2815 1177 2861 tres
1198 2805 1277 2869 boras
1297 2806 1438 2873 durabant,
1461 2794 1602 2880 qoia'sluq

138 2894 298 2959 acommnni
314 2892 390 2962 plebe
402 2891 565 2948 vocabantur
574 2890 665 2947 Culdai
680 2891 739 2947 sita
749 2890 862 2958 colidei,
877 2892 925 2949 sed
978 2896 1096 2965 psalmos
1118 2896 1296 2966 deputabant,
1320 2906 1348 2953 et
1368 2898 1402 2952 ad
1422 2898 1501 2954 ittam
1522 2900 1602 2970 cujus

138 2987 245 3056 propria
267 2986 425 3043 dicebantur
443 2983 562 3048 Kiledei,
585 2983 625 3040 sic
650 2983 779 3040 notoiuati
804 2984 838 3038 ab
861 2984 927 3056 ipsis
977 2986 1192 3057 motunucgenu
1204 2986 1356 3052 llectebant,
1369 3002 1430 3044 sese
1443 2991 1470 3044 in
1482 2999 1603 3061 terratnp

138 3078 222 3146 cellis,
235 3091 300 3149 quas
311 3076 507 3143 inhabitabant,
519 3083 547 3132 et
561 3075 617 3132 reri
632 3073 755 3131 monachi
766 3083 851 3141 erant,
866 3074 926 3130 imi·
978 3087 1028 3135 ses.
1049 3078 1170 3147 Ennianis
1184 3077 1269 3133 tribus
1283 3079 1381 3148 uigiliis
1396 3081 1546 3147 nocturnis,
1560 3094 1602 3137 uon

139 3178 225 3231 utiles
235 3169 381 3229 monachos
391 3167 542 3240 AEgyptios,
557 3177 585 3223 et
599 3168 716 3223 similem
730 3168 785 3222 illle
798 3167 926 3223 ducentes
977 3181 1005 3225 et
1017 3169 1107 3224 cordis
1122 3168 1269 3224 iotemione
1282 3184 1376 3224 omnes
1396 3170 1471 3225 exire
1490 3170 1525 3224 de
1538 3180 1602 3225 orati

140 3262 232 3321 ultam.
252 3260 318 3323 Nam
334 3259 466 3330 imprimis
480 3268 637 3330 perpetuum
649 3258 782 3329 Jejutrium
795 3261 925 3315 obserua-
977 3268 1054 3324 rnnt;
1067 3260 1141 3314 solus
1152 3268 1240 3316 aulem
1257 3269 1332 3327 pates
1344 3261 1497 3314 monasterii
1509 3268 1602 3317 secreti

140 3355 213 3419 iiiiii,
227 3352 311 3409 semcl
326 3354 354 3407 in
369 3351 414 3407 die
427 3351 517 3407 cibum
531 3359 678 3419 sumentes,
692 3360 720 3406 et
732 3351 840 3421 qntlcm
857 3360 924 3407 lem·
941 3353 964 3416 c
979 3360 1051 3407 statu
1061 3350 1191 3406 Ecclesiae
1207 3350 1331 3406 inridebat
1347 3351 1507 3418 orationem,
1523 3350 1602 3408 dumi

140 3457 205 3512 pore
217 3439 340 3511 hiemali,
357 3440 547 3511 apparentibus
560 3441 648 3497 stellis
662 3441 690 3496 iu
705 3443 883 3507 lirmamettto,
899 3443 926 3496 io
979 3443 1170 3508 ditationibus,
1191 3442 1422 3513 genuflexionibus
1439 3444 1552 3513 bibisque
1571 3444 1602 3516 pli

140 3541 233 3588 castate
246 3544 333 3588 autem
350 3539 409 3603 post
423 3546 547 3589 oceasum
562 3531 639 3588 solis.
658 3533 723 3600 Quia
736 3532 845 3589 relectio
857 3533 927 3601 apud
979 3533 1182 3600 incumbebant,
1202 3549 1286 3604 usque
1299 3533 1455 3588 diluculum.
1477 3533 1511 3589 Et
1526 3544 1590 3591 tune

140 3625 202 3683 ilios
216 3623 360 3680 vocabatur
377 3637 469 3690 omna,
483 3634 509 3679 et
525 3624 658 3679 inmensa
676 3639 729 3679 nou
747 3632 929 3695 apposuerunt
979 3639 1073 3682 omnes
1086 3625 1232 3680 oratorium
1242 3623 1381 3692 accedant,
1398 3623 1431 3677 ad
1444 3625 1590 3683 matutiust

140 3718 306 3773 diuersorum
326 3716 426 3775 fercula
449 3729 592 3786 saporum,
621 3730 708 3787 oeque
735 3716 928 3773 esculentiores
979 3717 1131 3784 solvendas,
1143 3716 1240 3787 quibus
1250 3716 1344 3782 linitis,
1355 3726 1430 3787 paler
1441 3718 1598 3776 monasterii

141 3818 243 3880 pastus,
262 3807 310 3864 scd
332 3807 480 3865 secundum
505 3806 703 3865 comedentium
727 3824 866 3865 numerum
889 3818 930 3866 tot
979 3809 1155 3882 laerymarum
1166 3810 1282 3867 lontibus
1292 3811 1441 3878 exundans,
1453 3810 1602 3868 thoriilestb

142 3900 288 3971 puqimacia
308 3897 394 3970 panis,
414 3912 495 3970 atque
513 3899 585 3956 olera
600 3909 686 3967 cocta,
701 3899 749 3957 sed
764 3901 851 3956 solum
872 3903 929 3959 sale
980 3899 1253 3958 holocaustomatibus
1265 3901 1388 3957 redolens
1402 3917 1515 3972 gemma
1534 3902 1602 3959 earil

142 3991 257 4051 murdim.
283 3992 424 4064 Nunquam
449 4006 545 4049 murtea
568 3993 610 4049 rel
634 3993 721 4062 pisces
741 3994 927 4063 comederunt,
980 3992 1231 4064 Muranudebitam
1245 3992 1370 4049 dominici
1385 3994 1602 4063 corporisobisti

142 4100 228 4155 oeque
244 4097 351 4141 osseum
365 4084 407 4141 vel
421 4083 545 4155 butyrum
558 4084 734 4154 admiserunt,
749 4086 800 4141 nisi
815 4086 930 4143 tlonilnl·
979 4083 1348 4154 accumulatissimas
1360 4083 1394 4137 ad
1406 4084 1556 4154 angelicum
1566 4098 1601 4157 po

142 4176 181 4243 cis
193 4184 221 4232 et
234 4174 336 4235 tesius
348 4175 455 4246 diebus,
470 4175 577 4247 quando
592 4174 683 4231 binam
697 4176 870 4235 sabulonem
884 4193 929 4234 stt·
980 4175 1082 4246 qnimi.
1095 4174 1194 4246 Syuasi
1205 4175 1289 4240 inita,
1300 4175 1381 4245 aliqui
1394 4175 1514 4244 trigidum
1527 4176 1602 4246 petel

142 4266 259 4334 mebant,
269 4266 372 4325 scillcet
381 4266 522 4337 prandium
532 4274 684 4325 etcoeuam.
696 4266 749 4325 Pio
760 4279 821 4339 potn
833 4285 928 4340 aquam
981 4266 1009 4324 iu
1020 4280 1074 4336 qua
1084 4265 1184 4323 diutius
1197 4266 1337 4334 morando,
1352 4281 1451 4337 corpus
1463 4267 1595 4337 rigabam,

142 4357 294 4415 babuerunt
311 4372 407 4429 putem
425 4367 454 4415 et
472 4357 616 4429 aliquando
637 4359 747 4419 mixtam
767 4360 850 4425 lacte,
868 4377 929 4417 nam
980 4358 1072 4413 earnis
1086 4356 1212 4413 ardorem
1227 4357 1394 4414 domitabant
1409 4375 1417 4412 z
1433 4359 1548 4429 qnandiu
1563 4368 1602 4415 aut

142 4448 235 4528 uinum
248 4459 275 4505 et
285 4451 416 4525 cererisia
428 4449 481 4517 iltis
492 4451 582 4522 iqoota
596 4461 683 4509 eraut.
711 4452 827 4507 lnlirmis
842 4463 929 4510 tortian
983 4450 1052 4505 torio
1066 4458 1188 4518 orarem,
1203 4449 1290 4504 uultus
1304 4451 1431 4518 oscitare,
1447 4450 1534 4506 nullus
1548 4460 1602 4508 ster

143 4541 184 4597 uei
198 4550 277 4619 atate
291 4543 437 4615 protectis,
449 4542 490 4599 vel
504 4544 583 4599 etiam
598 4544 678 4615 looqo
690 4543 788 4602 itinere
800 4545 931 4617 fatigatis,
981 4538 1080 4607 ficeret
1097 4539 1184 4594 “⁰¹¹⁰ss
1202 4539 1312 4594 ”lilim
1325 4540 1415 4608 1³⁰⁰st
1431 4539 1542 4595 licenter
1558 4554 1602 4596 ²¹¹¹

143 4630 635 4703 aliquacuarioriscibtoblectancma
646 4634 929 4708 dabantur,nnnquam
1018 4631 1120 4689 ocinus
1140 4647 1236 4687 omnes
1259 4631 1290 4685 al
1314 4631 1486 4686 laborandum
1507 4631 1602 4687 domi·

144 4733 234 4799 umen
252 4737 348 4797 carues
368 4725 554 4792 comedebant.
578 4725 606 4781 ln
626 4742 717 4787 meosa
736 4737 829 4785 autem
848 4729 930 4784 altum
946 4716 1179 4793 Dpraeparabant,
1191 4721 1602 4793 otquotidiatmdesnuamcsopt

144 4812 322 4891 obsecrabant
341 4814 477 4879 silentium
498 4815 595 4873 diuinae
616 4816 725 4873 lectioni
741 4828 769 4875 ot
786 4819 932 4889 spiritualis
982 4815 1189 4873 laboratesuam
1201 4815 1380 4871 incommune
1395 4817 1602 4885 transigeretur}

146 4906 231 4977 patris
242 4902 472 4975 exhortationibus
484 4905 592 4971 intenti,
603 4914 684 4977 atque
694 4906 746 4969 boe
755 4908 835 4963 modu
847 4909 932 4965 lessus
983 4907 1100 4963 micotec
1109 4907 1180 4975 quod
1193 4921 1287 4961 set-uta
1299 4905 1372 4975 quies
1382 4914 1410 4962 et
1419 4905 1539 4960 otiositas
1548 4906 1602 4961 vitii

146 5002 220 5059 artus
229 5002 346 5069 acceptae
355 5008 439 5053 etone
451 4994 598 5055 relectione
608 4995 772 5066 relevabant,
784 5013 833 5055 nec
843 5007 932 5055 tamm
983 5002 1011 5051 et
1026 4995 1112 5051 lomes
1127 5005 1209 5058 esset,
1224 5004 1251 5051 et
1266 4994 1328 5049 idco
1343 4995 1468 5050 linmcms
1483 5010 1546 5050 suos
1562 4993 1602 5050 uit

146 5085 180 5153 au
199 5085 363 5159 satietatem
384 5085 465 5141 nimia
484 5086 556 5142 enim
574 5087 695 5153 satietas,
708 5089 830 5156 quamuis
849 5091 933 5146 sutus
984 5084 1102 5143 tionibut
1126 5084 1320 5151 submiserim
1344 5094 1373 5140 et
1399 5085 1552 5155 impensiori
1576 5093 1602 5140 st

147 5175 235 5246 panis,
247 5176 379 5253 luxuriam
388 5175 483 5249 gignit,
496 5176 544 5233 sed
555 5185 618 5233 tuoe
629 5190 676 5247 pro
686 5176 780 5247 impari
790 5191 931 5248 corporum
985 5191 1118 5247 manuque
1129 5176 1297 5242 laborabant,
1309 5186 1388 5246 atqne
1402 5177 1438 5231 ita
1451 5176 1567 5246 propriis
1579 5177 1602 5231 vl

147 5266 303 5331 volutatum
315 5266 601 5340 ooudstione,quisque
615 5281 821 5336 coemmcaperc
834 5269 930 5337 potuit.
985 5278 1028 5325 cta
1051 5268 1263 5338 congregationis
1285 5281 1366 5336 opera
1390 5283 1451 5323 cnm
1470 5267 1601 5337 qaitdioe

182 5360 282 5435 omncs
303 5357 331 5431 iu
350 5372 405 5435 uno
418 5358 477 5415 loeo
492 5357 674 5427 dormiebant,
689 5357 736 5414 sed
756 5358 782 5417 io
802 5361 932 5430 separatis
984 5357 1050 5415 Nam
1064 5358 1096 5414 ad
1109 5358 1199 5413 rurale
1211 5373 1278 5428 optes
1291 5358 1415 5427 accincti,
1425 5358 1516 5428 popum
1530 5372 1601 5427 pono

148 5449 330 5527 lectisterniis,
341 5458 369 5506 et
382 5451 490 5521 quidem
506 5452 605 5519 restiti,
619 5460 645 5507 et
659 5466 726 5513 antis
739 5451 850 5519 pellicea
866 5467 933 5522 pra·
984 5452 1154 5519 sustossoria,
1163 5466 1316 5522 vangasque
1327 5451 1426 5505 invicto
1436 5450 1602 5506 brachiotum

148 5542 239 5623 cincti,
260 5548 288 5596 ul
309 5541 487 5613 expergefacti
508 5543 623 5599 alacrius
640 5552 790 5613 surgerent.
813 5542 879 5601 litto
898 5542 931 5598 ad
985 5542 1114 5610 torculos,
1138 5556 1280 5611 serrasque
1303 5542 1336 5598 ad
1355 5541 1544 5597 succidendum
1563 5554 1602 5596 sai

149 5634 262 5703 primum
281 5634 343 5707 quill
365 5642 470 5692 cantum
491 5635 517 5691 io
540 5634 657 5692 oratorio
675 5646 769 5691 omues
787 5644 931 5706 praesumes
986 5635 1123 5705 titanibus,
1143 5635 1287 5706 omniaque
1308 5641 1435 5707 praestant
1461 5632 1602 5705 propriata
