3816 6120
150 293 204 352 559

151 404 202 460 Per
213 403 319 460 deserta
331 410 423 471 ruunt,
435 409 544 472 tutoque
557 399 713 457 abscondita
728 400 799 457 lurte
853 391 855 394 ’

151 494 231 550 Pacta
251 501 354 564 putant,
365 492 444 550 caecis
454 499 548 562 optant
558 493 668 548 latuisse
681 493 811 549 tenebris.

149 583 218 650 Quid
231 584 317 654 jurat,
332 582 434 652 infelix,
446 582 663 653 oculosaJndicc
674 582 769 638 decri?

150 677 189 732 'le
201 676 279 746 judex
291 675 395 732 cernit:
412 676 483 729 nolis
497 690 545 730 cur
559 675 616 745 ipse
630 675 731 740 ridere,

149 767 215 822 Cum
226 765 333 823 videare
346 765 452 836 palaml
462 765 547 822 solem
562 781 614 821 non
629 766 715 822 iuscat
729 781 882 835 amoenum,

149 862 175 914 st
191 860 317 930 depressa
331 875 441 930 gratem
457 859 600 915 sormidam
613 858 714 914 lumina
728 859 828 925 lucem,

149 951 249 1007 Debilis
261 960 290 1008 et
303 953 405 1008 clarum
418 952 490 1008 risus
500 967 554 1007 nou
563 951 677 1007 sustinet
688 951 792 1007 orbem.

149 1044 215 1099 Tum
230 1046 269 1100 sic
281 1044 392 1101 terribili
405 1045 520 1114 primum
537 1044 609 1099 betts
620 1045 740 1113 increpat
752 1057 811 1106 ore,

148 1135 235 1205 Atque
246 1135 291 1192 obi
303 1136 338 1192 sit
353 1136 481 1192 miserum
494 1149 610 1191 noscetur
623 1135 772 1206 interrogat
783 1133 882 1190 ddant.

148 1225 198 1293 Qui
212 1224 340 1296 trepidam
354 1225 450 1296 parido
463 1224 613 1296 producens
624 1234 734 1294 pectore
744 1238 847 1290 tuceta,

148 1315 199 1371 llix
214 1316 272 1371 bec
282 1331 364 1387 pauca
378 1315 469 1372 rciert.
485 1316 569 1384 Tuus,
582 1330 599 1371 ο
613 1315 781 1383 celsissime,
796 1323 884 1371 terror

148 1407 279 1464 Mentibus
290 1407 409 1465 insidens
420 1409 548 1465 latebram
561 1417 664 1464 tentare
678 1409 775 1478 coegit.

148 1501 213 1555 liam
226 1501 286 1571 qoia
300 1501 368 1555 nuda
380 1500 468 1556 loreas
481 1500 610 1571 inopertis
622 1514 735 1571 corpora
749 1499 886 1567 membris,

149 1591 248 1646 Erubui
265 1590 361 1661 iateor,
375 1592 528 1663 ctelumque
543 1607 589 1662 per
603 1589 692 1646 abdita
708 1590 772 1662 logi.

792 289 820 346 S.
841 287 934 346 atttl
954 286 1152 348 ttttttdertsts

1715 276 1768 354 sto'

950 399 1055 458 A'lrtm
1072 415 1180 474 propter
1194 419 1300 462 suasam
1315 409 1475 465 ruiscroruar
1486 409 1613 467 cordibus
1628 425 1731 483 escant,

993 493 1128 548 Tellurem
1138 506 1259 565 captans,
1274 509 1352 566 pastu
1365 499 1483 554 vesceris
1495 500 1565 554 iuaui
1579 516 1588 565 ;

994 585 1128 640 llensibus
1143 596 1170 641 et
1184 587 1265 644 certis
1278 603 1376 659 supero
1391 589 1517 659 depulsus
1527 590 1560 645 ab
1571 591 1650 657 orbe,

992 678 1113 734 inclusus
1128 680 1207 737 terris
1223 680 1359 736 commoni
1374 681 1433 736 sole
1448 681 1562 737 carebis.

992 768 1064 824 luter
1083 779 1178 826 cuncto
1200 768 1305 841 replent
1321 787 1381 841 qutc
1396 787 1467 828 nunc
1489 771 1633 827 animantia
1657 772 1770 832 mundet

991 860 1093 916 ductor
1102 862 1196 916 martis
1210 863 1273 928 eris,
1289 862 1337 918 lies
1349 865 1441 934 guaris
1451 864 1575 920 omuibus
1588 866 1696 924 immor.

992 945 1129 1023 Praecipue
1139 954 1231 1010 ialelix
1242 954 1348 1021 mulier,
1362 971 1423 1011 cum
1438 957 1513 1025 prole
1525 958 1626 1025 lutura,

992 1043 1036 1100 Sic
1050 1044 1202 1117 inimicitias
1215 1046 1277 1102 odiu
1290 1057 1416 1103 currente
1428 1057 1551 1119 reponat,

990 1136 1099 1191 Seruium
1114 1135 1258 1193 seminibus
1271 1137 1397 1193 mandent
1418 1147 1447 1194 ut
1462 1149 1523 1195 rota
1535 1140 1663 1196 nocendi.

989 1223 1118 1280 insistens
1128 1239 1235 1297 semper
1250 1227 1353 1296 paride
1366 1228 1507 1284 sectabere
1519 1231 1638 1297 ealcem3

993 1315 1116 1371 [ottterat
1131 1316 1174 1369 illa
1188 1326 1278 1387 caput,
1290 1318 1474 1388 victoremque
1489 1318 1581 1374 ultima
1593 1320 1695 1377 vincat.

1026 1407 1089 1463 Post
1100 1408 1159 1464 bec
1171 1408 1311 1464 attonitam
1322 1407 1408 1465 ludex
1424 1420 1574 1464 commotus
1587 1410 1613 1464 in
1627 1410 1722 1479 Eram,

992 1500 1023 1556 bt
1036 1508 1075 1567 tu,
1089 1515 1148 1569 qum
1162 1500 1275 1569 primam
1286 1499 1391 1555 violasti
1406 1499 1503 1555 demina
1521 1501 1619 1573 legem,

989 1590 1087 1661 Accipe
1098 1591 1253 1646 succiduum
1266 1591 1328 1647 ritae
1339 1591 1409 1662 quud
1424 1601 1506 1647 restat
1521 1592 1547 1647 in
1559 1607 1658 1648 etum.

185 1684 217 1739 lit
230 1685 301 1753 quis,
315 1683 363 1753 ait,
376 1683 512 1739 subditum
525 1685 661 1739 concussit
675 1683 757 1738 corde
770 1681 918 1752 pudorem?
989 1678 1131 1750 imperium
1146 1682 1249 1750 patiere
1263 1681 1325 1748 tori,
1346 1680 1537 1753 dominumque
1558 1681 1667 1739 timebis

149 1776 264 1831 llisuset
277 1776 348 1832 uude
358 1777 462 1832 norusi
477 1776 542 1830 Nam
556 1787 582 1831 te
597 1790 646 1831 nec
657 1774 755 1831 uellera
773 1775 884 1843 dodum,

148 1867 202 1924 llec
217 1877 340 1925 contexta
357 1869 429 1941 prin·
441 1871 540 1926 relanit
555 1869 670 1941 tegmine
684 1870 775 1926 restis.

148 1960 244 2016 Forma
256 1960 339 2025 rudis.
356 1962 464 2033 proprio
478 1961 574 2017 melios
587 1971 711 2019 contenta
724 1962 833 2026 decore,

148 2051 240 2109 iiidice
250 2065 280 2108 se
292 2051 409 2122 placuit:
425 2052 472 2108 sed
488 2062 626 2122 postquam
642 2053 742 2110 loederc
758 2065 837 2124 rupto

148 2142 287 2198 Interdicta
300 2151 362 2200 tuus
372 2144 525 2214 perstrinxit
537 2144 657 2214 ge'rnrina
671 2152 775 2214 gustus,

148 2234 273 2293 Naturale
283 2235 331 2293 tibi
347 2243 452 2308 tegam
464 2251 516 2292 nott
530 2236 629 2292 suiten
646 2253 739 2292 onum.

149 2326 282 2384 llaetenus
292 2337 320 2383 et
333 2328 411 2383 nudis
427 2344 498 2384 nunc
510 2329 644 2385 denudata
658 2337 809 2398 patescunt,

146 2421 241 2491 Arguit
255 2418 388 2475 obscenus
401 2419 464 2489 quia
477 2419 564 2488 turpia
578 2434 691 2488 corpora
713 2426 810 2474 motus.

182 2510 228 2566 llle
241 2509 285 2566 ubi
295 2511 446 2567 conuictum
459 2511 534 2566 clara
547 2524 576 2566 se
589 2510 689 2572 lumine
700 2509 777 2576 uidit,

148 2603 269 2661 Prodidit
283 2612 405 2661 ettotam
420 2604 553 2660 discussio
561 2605 632 2674 justa
647 2613 763 2669 reatum,

147 2698 205 2754 Nan
220 2713 299 2766 prece
312 2695 445 2752 submissa
459 2697 562 2751 reniam
575 2712 622 2765 pro
636 2696 749 2751 crimine
762 2697 858 2766 poscit,

148 2792 205 2848 Non
221 2791 458 2862 rotislacrymisre
469 2799 555 2860 rogat,
570 2804 619 2845 nec
631 2788 736 2846 tludice
746 2789 810 2844 dero

148 2881 291 2938 Praecurrit
301 2882 423 2937 meritam
436 2880 548 2950 supplex
566 2879 700 2935 consessio
711 2894 828 2949 pteuam.

146 2973 259 3043 lamque
273 2970 355 3028 ruiscr
368 2969 464 3035 iactus,
479 2970 596 3026 nondum
620 2969 778 3026 miserabilis
791 2969 836 3024 illc
846 2978 897 3026 est.

146 3063 262 3134 Erigitur
276 3077 367 3129 sensu,
383 3062 537 3133 timidisque
551 3075 663 3118 acca-usa
674 3060 790 3132 querelis

146 3154 242 3209 Pertur
256 3154 282 3207 in
297 3152 405 3209 insanas
419 3152 507 3207 laxata
522 3153 645 3220 superbia
658 3166 746 3207 ruem.

145 3246 201 3301 ileu
213 3244 283 3302 rnale
297 3245 435 3316 perdendo
448 3246 545 3300 mulier
559 3245 701 3314 coniuncta
717 3246 832 3301 merito!

145 3337 229 3404 Qoaut
243 3338 344 3391 sociant
357 3336 456 3392 misero
471 3337 556 3406 prima
572 3337 621 3391 sub
636 3337 693 3405 lege
705 3336 812 3405 dedisti,

145 3427 207 3483 llaec
222 3443 265 3483 nte
278 3427 398 3483 consiliis
413 3429 475 3483 tsscit
491 3427 594 3483 devicta
608 3428 735 3496 sinistris,

145 3520 179 3573 Et
192 3517 241 3572 sibi
251 3517 306 3588 jam
323 3526 414 3572 riorum
430 3517 564 3587 persuasit
575 3531 683 3574 sumere
693 3531 812 3588 pomum.

143 3610 195 3664 lsta
206 3609 268 3664 mali
281 3618 362 3680 caput
371 3620 423 3679 est,
437 3611 539 3665 crimen
550 3611 667 3665 surrexit
682 3612 715 3667 ab
728 3612 789 3671 ista.

144 3700 274 3757 credulus
289 3702 346 3773 ipse
360 3703 408 3767 lui,
419 3703 466 3759 scd
477 3703 587 3758 credere
603 3714 631 3757 ιιι
646 3703 772 3774 docuisti,

140 3794 311 3850 connubium
327 3794 439 3860 donans,
450 3805 477 3851 et
487 3796 573 3852 dulcia
587 3797 689 3853 uincula
704 3807 824 3854 necteus.

142 3885 229 3955 Atque
244 3886 343 3941 utinam
359 3887 436 3953 lelix,
450 3902 509 3958 quae
524 3888 657 3958 qnondam
673 3890 730 3943 sola
743 3890 858 3959 rigebat,

142 3977 245 4034 Caelebs
260 3979 313 4034 rita
328 3978 406 4046 foret,
417 3979 477 4035 talis
490 3995 539 4036 uec
552 3981 673 4051 conjugis
688 3998 805 4052 uuquam

141 4067 254 4124 l-'oedera
267 4069 405 4135 sensisset,
417 4070 509 4125 comiti
522 4086 574 4124 nun
589 4071 695 4126 subdita
708 4087 805 4139 praue.

177 4159 231 4216 llac
242 4159 321 4231 igitur
333 4160 411 4230 rigidi
422 4171 572 4218 commotus
587 4170 675 4220 mente
687 4164 810 4233 Creator,

140 4250 296 4306 iloerentem
315 4251 395 4307 celsis
411 4254 554 4323 compellat
566 4253 677 4311 roribus
693 4254 786 4309 Eram.

141 4342 193 4397 Cor
206 4342 332 4398 miserum
353 4343 446 4399 labeus
460 4345 563 4399 traxisti
578 4345 604 4400 iu
617 4361 700 4417 prena
716 4349 858 4404 maritumi

140 4432 194 4488 Nec
210 4441 335 4489 contenta
349 4444 395 4489 tuo
408 4435 543 4505 deceptrix
558 4435 655 4492 lemine
674 4451 749 4503 castr,

139 4524 253 4580 Sublimi
267 4538 375 4580 seusam
386 4525 474 4595 jecisti
487 4542 520 4583 ex
532 4541 594 4583 aroc
607 4528 730 4585 virilem?

139 4612 183 4669 lllt
198 4615 311 4684 pudens,
323 4615 444 4686 tristique
454 4631 536 4685 genas
546 4618 644 4674 sudosa
657 4622 769 4687 rubore,

138 4708 281 4759 ductorem
292 4706 401 4761 sceleris
413 4706 510 4762 clatrsat
523 4708 634 4779 decepta
647 4710 803 4778 draconem,

138 4793 188 4860 Qui
203 4807 311 4862 pontum
324 4799 405 4852 vetito
416 4799 547 4867 persuasit
558 4808 666 4870 tangere
680 4817 780 4869 morsu,

172 4882 235 4939 Post
249 4884 306 4940 baee
318 4886 423 4942 llnaietu
440 4891 536 4957 promit
554 4891 687 4946 sententia
702 4892 798 4963 legem,

136 4972 349 5046 Serpentemquc
359 4993 434 5033 rcum
448 4981 532 5049 prima
547 4983 662 5039 sictone
676 4986 787 5041 trotarii.

135 5066 175 5123 'lu
186 5068 306 5138 coluber,
322 5074 399 5140 cujus
412 5076 532 5142 peccarit
545 5076 642 5131 lemina
657 5077 764 5144 frande,

134 5155 294 5227 Errorisque
305 5162 390 5215 lirum
400 5173 552 5221 consortem
568 5166 682 5223 reddidit
693 5169 761 5239 ipsa,

132 5244 246 5317 Propter
260 5256 402 5321 utrumqne
415 5267 487 5320 reos,
499 5255 601 5323 pendes
621 5257 693 5327 quod
711 5258 776 5316 fecit
798 5270 919 5332 uterquc.
977 5262 1011 5319 Ut
1024 5260 1165 5317 metuenda
1181 5261 1265 5329 tnagis
1280 5267 1406 5312 cernatur
1417 5255 1509 5310 mortis
1523 5254 1626 5324 iunges

131 5338 188 5396 trec
199 5339 245 5396 tibi
258 5341 365 5397 sublimi
380 5346 512 5401 constabit
527 5357 636 5417 pectore
652 5359 755 5417 vertex,

131 5428 231 5486 Callida
244 5432 293 5488 sed
306 5448 407 5503 pronos
421 5452 468 5506 per
482 5447 580 5497 terram
597 5455 704 5512 pectora
719 5445 832 5501 roltcs:

133 5519 219 5592 thue
233 5522 293 5593 iuga
309 5526 412 5595 trepido
424 5530 531 5586 sinuosa
543 5535 675 5590 volutuiua
690 5548 810 5605 currant,

131 5613 188 5669 llon
200 5629 309 5685 grossus
318 5619 365 5676 sed
378 5620 469 5691 lapsus
482 5625 544 5693 erit,
560 5635 638 5698 teque
654 5630 710 5699 ipse
723 5631 845 5700 sequeris

126 5701 266 5796 'ilexibuq
283 5717 311 5765 et
324 5713 410 5782 spirat
423 5712 539 5774 titcutia
551 5719 657 5776 vineola
672 5729 793 5781 nectent.

954 1759 975 1819 li
989 1771 1074 1838 Quem
1088 1770 1191 1826 socium
1207 1771 1332 1826 dederam
1349 1789 1356 1826 ε
1372 1772 1478 1842 parebis
1491 1771 1598 1827 subdita
1608 1772 1702 1844 lassis.

990 1863 1023 1918 Et
1033 1874 1141 1916 currata
1156 1870 1236 1933 caput
1250 1863 1341 1919 libitos
1354 1877 1478 1920 assuesce
1490 1863 1592 1920 ririles.

991 1955 1106 2024 bloxquc
1120 1954 1164 2010 ubi
1178 1955 1332 2025 concipiens
1346 1955 1428 2011 letum
1446 1957 1617 2025 presenserit
1630 1956 1716 2024 airus,

990 2047 1098 2106 Ventris
1112 2063 1180 2104 otrus
1190 2050 1288 2118 gemitu
1303 2049 1455 2112 testaberis,
1472 2062 1503 2102 ac
1515 2048 1562 2103 tibi
1576 2047 1696 2103 clausum

990 2138 1075 2194 drrxia
1087 2150 1252 2195 crescentem
1269 2139 1410 2209 portabunt
1424 2139 1528 2194 viscera
1542 2137 1662 2205 fascem,

991 2233 1080 2289 Donec
1092 2241 1227 2289 transacto
1238 2232 1343 2288 fastidia
1355 2239 1474 2303 tempore
1488 2230 1639 2300 complens,

990 2325 1115 2381 Naturale
1125 2325 1223 2380 malurn
1237 2333 1313 2395 partu
1327 2324 1377 2380 sub
1391 2323 1498 2379 uindice
1513 2324 1613 2393 pendat

990 2416 1144 2474 Producens
1160 2418 1241 2472 uitam
1258 2417 1346 2486 proles
1359 2417 1399 2471 sic
1412 2430 1491 2485 poena
1507 2416 1635 2485 parentis.

988 2507 1056 2576 Quid
1072 2507 1176 2564 dirersa
1187 2507 1283 2576 loquar
1294 2515 1356 2578 pust
1368 2507 1422 2578 ja'm
1433 2506 1590 2563 discrimina
1602 2505 1720 2563 matris!

989 2598 1054 2654 Nam
1065 2613 1125 2654 cour
1142 2597 1265 2668 praeduro
1280 2597 1508 2654 tnulicrcoaiecta
1525 2597 1619 2654 labore

989 2691 1111 2760 Optatam
1122 2691 1243 2747 sobolem
1261 2690 1306 2746 tali
1321 2690 1478 2760 produxeris
1493 2699 1565 2756 ortu,

988 2782 1103 2852 Lugcbis
1117 2796 1215 2837 vacuos
1229 2783 1420 2851 nunnunquam
1444 2783 1537 2838 orbata
1552 2781 1673 2839 doloret.

1024 2875 1126 2931 interea
1142 2875 1263 2945 trepidus
1274 2875 1330 2945 iam
1341 2867 1439 2932 dotium
1450 2876 1564 2932 sustinet
1577 2874 1675 2943 Adam,

988 2967 1056 3035 Quid
1068 2966 1119 3022 sibi
1136 2966 1265 3022 terribilis
1276 2965 1382 3022 tandem
1396 2967 1528 3022 sententia
1539 2975 1642 3023 servet.

987 3060 1035 3114 Cui
1047 3067 1133 3129 pater,
1148 3059 1276 3125 attentis,
1289 3060 1386 3130 inqttil,
1399 3074 1470 3115 nunc
1483 3059 1594 3115 curibus
1607 3068 1635 3115 et
1645 3069 1674 3113 tu

946 3125 970 3188 c
990 3153 1085 3222 decipe
1100 3152 1163 3221 quid
1175 3166 1309 3222 mereare,
1320 3152 1386 3208 letis
1397 3165 1476 3222 quem
1492 3151 1591 3207 lemina
1604 3149 1680 3206 ricit.

988 3241 1127 3311 impolluta
1142 3243 1215 3313 prius
1226 3242 1337 3312 pult-ltro
1348 3244 1398 3298 sub
1410 3244 1530 3313 germine
1546 3241 1636 3304 tellus.

988 3334 1044 3389 Nou
1054 3335 1108 3403 iam
1123 3335 1175 3389 suda
1189 3335 1266 3400 satis,
1281 3348 1332 3389 uec
1344 3350 1411 3402 puro
1427 3333 1531 3389 semiue
1546 3331 1674 3401 simplex,

989 3430 1103 3485 Pristina
1117 3428 1277 3484 monstrabit
1292 3438 1448 3497 corruptum
1463 3437 1536 3496 terga
1550 3441 1598 3495 per
1611 3425 1716 3490 orbem,

988 3523 1168 3592 Exemploque
1182 3530 1228 3576 tuo
1241 3536 1349 3589 semper
1365 3520 1411 3575 tibi
1428 3529 1500 3574 terra
1512 3518 1658 3584 rebellans,

988 3613 1119 3682 vepribus
1131 3628 1162 3667 ac
1175 3613 1279 3667 tribulis
1296 3619 1400 3666 arurata
1415 3611 1542 3666 resistere
1554 3608 1653 3664 discet.

986 3705 1039 3759 drtt
1051 3705 1074 3759 si
1090 3704 1219 3774 frangenti
1235 3703 1333 3759 cedens
1348 3700 1504 3756 succumbet
1518 3707 1621 3763 aratro,

986 3795 1107 3850 lomeris
1121 3802 1148 3849 ct
1163 3795 1215 3849 llro
1228 3792 1345 3848 mordaci
1358 3791 1438 3847 dente
1450 3791 1559 3845 subacta
1574 3803 1626 3853 est,

985 3886 1094 3955 Pinguia
1109 3884 1243 3954 decipient
1256 3885 1392 3951 tuentitog
1411 3881 1497 3936 rmine
1512 3879 1595 3934 culta.

984 3979 1049 4032 liant
1064 3993 1113 4047 pro
1129 3977 1234 4031 triticeo
1248 3977 1338 4031 ltaliuru
1353 3988 1514 4043 consurgere
1528 3973 1628 4038 fructu,

985 4071 1015 4125 Et
1031 4069 1106 4125 lictas
1120 4077 1233 4139 segetes,
1248 4082 1397 4136 tertiasque
1407 4066 1511 4122 dolebis
1523 4080 1633 4131 arenas,

982 4163 1025 4218 Sic
1039 4163 1080 4216 rix
1093 4171 1225 4217 extortum
1243 4162 1389 4230 producent
1401 4159 1493 4228 jugera
1507 4173 1614 4228 panem,

984 4253 1087 4310 Sudore
1101 4252 1210 4307 assiduo
1224 4252 1312 4306 nitens
1326 4266 1405 4321 quem
1420 4258 1508 4304 sumat
1521 4259 1638 4320 egestas,

983 4345 1188 4413 illecebramque
1202 4342 1252 4398 cibi
1269 4341 1381 4413 poenaiis
1395 4342 1511 4397 uindicet
1523 4356 1597 4398 esca.

982 4434 1121 4506 AEqualem
1136 4434 1221 4489 brutis
1240 4435 1338 4489 lacicrtt
1351 4433 1396 4488 tibi
1412 4431 1507 4502 pabola
1521 4434 1614 4493 ritant,

981 4530 1015 4584 Et
1029 4529 1107 4585 simol
1123 4528 1263 4584 berberem
1279 4541 1373 4583 succos
1388 4537 1546 4596 pastumque
1565 4527 1715 4596 requirens,

980 4620 1105 4674 Stercore
1117 4616 1249 4671 consimili
1265 4617 1391 4685 depressa
1406 4614 1559 4686 gravabitur
1569 4615 1656 4670 airus.

980 4714 1142 4769 AEruntnosa
1157 4711 1201 4766 diu
1217 4711 1337 4765 volvetur
1352 4710 1447 4764 talibus
1462 4717 1538 4770 mtas,

980 4805 1069 4858 liuttec
1083 4803 1267 4871 prescriptum
1283 4811 1380 4870 panant
1396 4799 1441 4854 tibi
1454 4800 1550 4854 securta
1563 4800 1654 4866 littcm,

980 4897 1013 4952 Et
1026 4906 1163 4965 ‹ortrpacta
1175 4896 1231 4948 luto
1244 4894 1382 4948 solvantur
1397 4902 1517 4960 tempore
1530 4891 1663 4946 membra.

978 4986 1054 5042 bimo
1068 4986 1197 5041 iorntasus
1211 4998 1303 5039 rursus
1314 4983 1442 5052 redigeris
1454 4984 1479 5037 iu
1495 4997 1600 5037 artum.

977 5081 1045 5134 Ante
1059 5088 1146 5132 tamen
1163 5076 1296 5145 proprium
1311 5073 1365 5128 nati
1378 5087 1544 5143 precurrere
1557 5070 1661 5126 ietbtrm

975 5170 1142 5239 conspicies,
1160 5182 1306 5237 pumicesque
1322 5174 1380 5219 tuas
1397 5165 1422 5219 in
1438 5163 1512 5232 prole
1528 5162 1645 5230 videbis,

975 5354 1106 5409 Peccasse
1117 5364 1246 5422 agnoscas
1258 5349 1321 5419 quid
1338 5351 1385 5415 sit,
1402 5347 1465 5417 quid
1478 5356 1584 5401 mortua
1598 5345 1670 5409 lieri,

974 5450 1076 5518 Quidue
1087 5448 1164 5502 mori.
1181 5447 1221 5501 de
1234 5459 1268 5500 ne
1281 5444 1343 5514 quid
1359 5443 1429 5499 desit
1441 5442 1486 5498 tibi
1501 5440 1570 5495 lorte
1586 5439 1719 5495 ntxlorutx

974 5544 1039 5611 Qum
1053 5538 1214 5610 castigandis
1227 5542 1368 5605 corruptus
1382 5531 1495 5604 parturit
1510 5532 1596 5595 orbis,

973 5633 1068 5688 Acrior
1081 5633 1211 5686 immenso
1224 5626 1379 5682 miscebitur
1389 5625 1428 5679 ira
1441 5622 1546 5681 dolori;

972 5723 1039 5783 dau
1053 5721 1209 5789 comprima
1225 5717 1270 5778 tibi
1286 5715 1434 5790 producent
1445 5723 1566 5786 tempora
1581 5723 1677 5785 natos,
