3816 6120
113 199 164 261 seo
391 166 434 224 f
655 239 657 242 >
735 191 900 257 caessara
921 195 1156 255 oaotcoroots.
1682 198 1734 253 sm

113 317 344 393 illustrandam,
361 314 504 376 tuendam
532 313 708 394 felicissime
731 313 895 376 convertit.
913 314 1021 389 Atque,
1037 318 1071 371 ut
1087 309 1150 372 alio
1168 314 1347 388 preteream
1365 307 1470 386 (nibil
1495 308 1574 369 enim
1592 304 1735 368 Pruden-

113 422 174 483 tius
187 420 222 480 in
243 419 289 478 bis
303 414 417 476 studiis
431 413 645 475 ecelesiasticis
658 413 845 474 intentatum
866 407 1030 490 reliquit),
1044 408 1174 471 multum
1196 406 1249 468 ille
1270 408 1406 468 contulit
1420 407 1461 469 ad
1483 406 1638 468 sublimem
1657 406 1736 466 bane

113 521 294 600 qraeitatem
307 526 337 578 et
352 516 545 592 diqnitatem,
557 532 623 594 quae
636 515 669 575 in
681 515 827 575 &etesia
836 511 979 591 preoibus
991 511 1172 591 hymnisque
1182 512 1244 573 Dee
1258 511 1455 572 concinendis
1470 510 1577 583 elucet,
1589 520 1616 571 et
1628 511 1661 571 in
1677 528 1738 590 quo

113 627 156 688 tu,
172 616 229 678 Pis
252 615 622 692 Pontiteu,.summopere
637 610 809 672 delectaris.
835 613 988 672 Proterea
1009 610 1212 691 antiquitates
1239 608 1430 673 i'bristianas
1443 609 1577 671 maxima
1592 629 1630 671 eos
1649 616 1739 689 parte

113 713 291 792 complexus
306 720 349 772 est
362 732 373 777 .··
385 709 439 770 sed
455 709 527 771 iilos
540 710 621 771 ritus
635 710 818 771 accuratius.
832 707 1010 786 descripsit,
1026 709 1081 787 qui
1095 727 1180 768 nunc
1196 708 1230 768 in
1243 708 1445 787 quorumdam
1459 697 1615 770 bominum
1627 727 1739 787 repre-

113 811 287 870 sessionem
299 810 487 875 incurrunt:
505 823 541 865 ac
558 806 743 866 nominatim
760 805 939 883 reliqiasum
953 804 1084 879 cultum,
1101 809 1161 885 quo
1177 815 1301 867 sanctos
1319 807 1432 868 euiites
1447 809 1587 871 uenerari
1604 817 1739 886 oportet,

113 923 168 967 ruo
184 905 255 985 ipso
271 901 410 982 exempla
426 901 598 963 luculenter
611 901 845 972 demonstravit,
860 900 934 962 dum
956 911 1059 964 tenero
1072 903 1199 982 pietatis
1221 903 1351 983 affectu,
1367 922 1453 984 quem
1476 907 1551 967 trito
1574 908 1658 985 apud
1681 926 1740 969 nos

113 1003 264 1067 eocabuio
280 1005 478 1065 devotionem
494 1002 697 1080 appellamus,
712 1009 830 1062 stratus
840 1001 926 1069 bumi
937 1001 979 1062 ud
991 1009 1164 1083 martyrum
1173 1003 1328 1082 sepulcra,
1341 1004 1493 1082 iacrymas
1506 1003 1656 1065 uberrime
1666 1006 1742 1083 sun·

113 1101 203 1174 dens,
224 1101 331 1163 oscula
353 1097 557 1160 marmoribus
581 1101 697 1177 fiqens,
717 1100 902 1178 tumulisque
922 1097 996 1161 adea
1024 1108 1110 1162 arete
1129 1100 1300 1173 inbarens,
1321 1108 1356 1162 ut
1376 1101 1458 1163 altor
1475 1108 1649 1179 tepesceret
1666 1122 1738 1177 ose,

113 1214 232 1266 texum
248 1206 386 1278 pectore,
399 1215 448 1258 eos
461 1197 558 1259 animi
567 1214 675 1258 sensus
684 1198 910 1276 experiebatur,
920 1216 998 1279 quos
1013 1197 1082 1271 libi,
1093 1199 1150 1261 Pie
1164 1202 1325 1283 Pontifex,
1337 1220 1404 1263 cum
1417 1203 1590 1266 Prudentia
1606 1223 1742 1272 camma«

114 1318 168 1362 sees
189 1317 263 1371 esse,
279 1315 379 1358 amnes
396 1297 551 1359 norimus.
569 1296 699 1358 Constat
712 1297 804 1372 enim,
821 1307 937 1377 quanto
952 1300 1131 1361 constantio
1154 1301 1366 1380 nujuscemodi
1379 1305 1507 1383 pictatis
1527 1306 1630 1384 officie
1654 1326 1743 1369 coese-

115 1401 236 1483 quoris,
267 1416 357 1479 quam
385 1396 534 1474 reiiqiosa
560 1403 659 1458 niente
685 1396 851 1477 taetraque
881 1399 947 1459 oris
974 1417 1010 1459 ue
1040 1400 1182 1476 corporis
1213 1400 1385 1476 ploriasum
1413 1403 1453 1462 B.
1477 1405 1565 1466 Petri
1590 1406 1744 1484 principis

116 1496 514 1580 apostolarumsrpulcrum
526 1494 1540 1577 odire,ejuequevenerabilemimoqinemquotidiesermevenerari
1559 1507 1585 1559 ct
1607 1501 1745 1562 oseulari

119 1596 159 1657 sis
171 1596 297 1656 salitus.
313 1592 468 1655 Graviora
486 1607 556 1650 oero
571 1598 644 1650 soret
660 1590 729 1664 illa,
743 1591 827 1670 quod
841 1591 1033 1653 Prudentius
1042 1609 1100 1670 pra
1115 1593 1277 1656 altissimis
1289 1596 1453 1673 reliqionis
1466 1598 1582 1659 nostroe
1593 1600 1746 1675 mysteriis

117 1704 229 1775 eontra
244 1693 428 1774 sopbisticas
444 1691 659 1753 baretieorum
673 1692 961 1769 arqumcntationes
973 1692 1066 1755 docio
1083 1711 1118 1754 as
1134 1710 1237 1754 seuero
1247 1694 1492 1775 pbilosopbandi
1506 1713 1616 1775 qenere
1626 1715 1745 1777 propu-

116 1796 238 1876 qnaeit,
253 1811 339 1855 aram
356 1808 427 1856 uero
449 1790 606 1855 Victoriis.
616 1797 775 1869 totumque
794 1789 951 1852 idolorum
967 1792 1085 1854 eultum
1100 1791 1174 1853 adeo
1188 1793 1307 1857 acriter
1322 1801 1349 1853 et
1364 1811 1491 1857 neruoso
1506 1796 1675 1859 insectatus
1689 1804 1746 1867 est,

119 1897 174 1958 eie
188 1902 226 1955 ut
242 1892 410 1973 quidquam
429 1897 537 1971 posteo
555 1889 688 1952 seribere
702 1897 757 1950 out
774 1888 901 1968 obloqui
914 1890 1029 1953 etisnici
1040 1880 1113 1952 'ausi
1125 1892 1258 1969 sesmint.
1274 1892 1367 1966 Quod
1384 1894 1412 1955 si
1428 1911 1493 1954 nan
1506 1914 1540 1955 ea
1553 1896 1665 1972 saluom,
1681 1914 1748 1974 qua

121 2011 276 2056 commune
291 1991 440 2054 Ecclesia
453 1989 565 2051 bonum
580 1991 766 2070 respiciunt,
785 1992 905 2054 sedilia
920 1993 1012 2054 etiam
1035 1978 1231 2057 considerare
1245 1995 1385 2072 uelimus,
1398 2012 1465 2075 ques
1488 1997 1528 2058 ad
1544 1999 1747 2077 apostolicam

123 2102 207 2157 tuem
223 2092 333 2163 sedem,
351 2093 408 2154 Pie
431 2091 594 2169 Pontifex,
612 2092 741 2169 proprie
757 2084 909 2169 spectant,
934 2110 1108 2180 quanquam
1130 2094 1280 2176 quidest,
1300 2093 1383 2174 qued
1398 2095 1438 2156 ad
1451 2095 1622 2157 Ecclesiam
1636 2096 1748 2157 Romo-

121 2211 202 2267 nom,
218 2193 291 2273 fidei
304 2199 333 2253 et
349 2208 468 2253 merum
483 2193 676 2269 maqistram,
691 2192 888 2253 ecelesiarum
902 2189 1038 2264 omnium
1054 2204 1182 2265 matrem
1196 2193 1366 2274 pertineat,
1384 2197 1468 2275 qued
1481 2214 1545 2256 non
1560 2195 1638 2258 idem
1654 2214 1747 2276 quam
1845 2234 1849 2241 -

122 2293 291 2355 arctissime
309 2310 378 2355 cum
390 2291 545 2355 cosesmuni
556 2289 718 2368 reliqlanir
734 2291 893 2365 eatbolieoe
905 2309 998 2357 causa
1012 2299 1118 2372 aptum
1135 2311 1366 2376 equoreumque
1380 2295 1446 2357 sit?
1463 2295 1523 2358 Sed
1536 2303 1637 2358 tomen
1651 2296 1744 2376 quid·

122 2391 198 2474 quid
212 2391 247 2454 id
261 2398 317 2465 est,
330 2388 415 2471 quod
430 2389 471 2450 od
484 2389 575 2451 istam
587 2389 720 2467 primam
736 2388 912 2460 eatbedram
928 2390 1027 2470 maqis
1038 2393 1309 2473 propniespectot,
1325 2393 1389 2474 ejus
1401 2394 1595 2474 diqnitotem,
1606 2396 1748 2475 majesta·

124 2482 194 2570 mm,
215 2493 433 2558 auctoritatem
450 2492 497 2553 ita
517 2490 710 2553 Prudentius
729 2491 894 2569 praelicat,
909 2499 945 2552 ut
964 2497 1012 2552 tot
1028 2498 1151 2571 temque
1164 2492 1263 2554 eorus
1277 2493 1466 2557 successibus
1480 2495 1613 2556 Romani
1627 2491 1749 2572 imperii

123 2593 203 2669 nibil
217 2592 305 2666 aliud
319 2599 420 2654 actum
433 2589 613 2663 crediderit,
626 2590 691 2653 nisi
709 2597 744 2651 ut
762 2588 885 2652 Cbristo
894 2590 961 2670 jam
976 2593 1040 2650 tum
1054 2589 1190 2653 vementi
1202 2590 1254 2653 oia
1270 2598 1473 2666 sterneretur,
1486 2590 1639 2671 cordaque
1651 2590 1750 2651 bomi-

123 2709 197 2759 num
214 2709 277 2758 uno
293 2688 556 2771 iliiqotuoiaeula
572 2704 637 2768 pax
660 2695 689 2749 ot
703 2689 803 2749 Roma
821 2694 967 2759 rena-ent,
985 2686 1089 2765 capua
1109 2687 1176 2749 huo
1198 2694 1227 2750 et
1243 2687 1383 2750 eulmina
1398 2707 1518 2764 reram,
1535 2698 1562 2748 et
1585 2687 1641 2748 sub
1655 2688 1749 2749 unius

123 2790 309 2871 principatu
324 2805 413 2852 meos
427 2805 491 2850 aaa
507 2803 672 2850 sacrorum
688 2786 778 2850 iuret.
790 2786 836 2848 Ae
850 2803 923 2847 sone
936 2785 1129 2848 Prudentius
1142 2802 1207 2847 nen
1220 2787 1310 2849 modo
1323 2795 1496 2867 mortprum
1507 2789 1658 2868 repulere,
1673 2805 1750 2867 quo·

122 2906 192 2953 rum
214 2883 391 2954 innumerae
415 2891 531 2952 cineres
546 2888 659 2950 uidisse
681 2905 713 2947 se
734 2888 837 2948 Roma
851 2889 981 2948 testulus
999 2892 1056 2960 eet,
1075 2885 1312 2963 eieqantiseimis
1326 2884 1465 2947 uersibus
1481 2885 1640 2963 describit,
1653 2903 1750 2964 neque

121 2990 222 3061 solum
232 2989 421 3070 populorum
433 3004 602 3050 concursus
617 2986 658 3048 ad
673 3003 779 3048 eorum
792 2985 954 3065 reliquias,
975 2987 1131 3066 festosque
1156 2980 1224 3048 diei
1238 2985 1433 3048 celebrandos
1450 2987 1593 3053 maximis
1607 2985 1750 3050 laudibus

121 3097 267 3161 exornat,
283 3106 388 3150 eerum
402 3087 493 3149 etiam
506 3086 628 3147 demum
639 3100 780 3146 reuersus
801 3101 911 3161 maqne
926 3080 1032 3146 studio
1049 3076 1124 3162 epit,
1144 3091 1182 3144 ut
1203 3083 1300 3145 muita
1313 3103 1380 3165 quae
1393 3084 1428 3144 iu
1444 3083 1503 3146 boe
1524 3102 1631 3163 qcncre
1648 3086 1751 3148 noma

122 3189 242 3253 cidsrat
260 3207 298 3251 ac
311 3187 476 3262 didicerat,
493 3186 527 3248 in
542 3184 794 3246 consuetudinem
807 3183 892 3261 apud
907 3183 1068 3262 Hispanos
1081 3200 1153 3245 suos
1164 3172 1396 3251 inducerentur.
1413 3183 1523 3263 Itaque
1534 3202 1587 3263 eqo
1605 3184 1749 3247 Pruden-

123 3292 201 3354 tium
216 3291 275 3352 taii
291 3307 327 3351 ae
341 3296 429 3350 tanta
443 3288 590 3349 doctrina
608 3297 635 3348 et
648 3288 764 3366 pietate
779 3289 893 3359 uirum,
907 3289 1147 3367 scriptoremque
1163 3306 1232 3350 eum
1254 3305 1369 3367 semper
1386 3294 1476 3350 antea
1492 3288 1598 3352 utilem
1620 3295 1649 3349 et
1665 3288 1750 3350 salu·

123 3396 231 3466 terens,
246 3396 310 3449 tum
322 3388 439 3449 uostris
452 3387 583 3447 manime
599 3386 788 3448 calamitosis
802 3384 993 3464 temporibus
1009 3388 1227 3462 necessarium,
1245 3387 1349 3468 quoad
1361 3388 1462 3466 faeere
1476 3395 1503 3449 et
1520 3387 1629 3450 conari
1642 3391 1748 3467 patui,

123 3486 271 3552 emendis
285 3505 350 3566 qua
365 3495 534 3564 temporum
550 3487 680 3565 injuria,
694 3491 749 3545 aut
766 3484 969 3548 librariorum
981 3485 1122 3564 inscitia,
1134 3493 1189 3548 aut
1200 3487 1385 3550 oscitatione
1397 3489 1599 3567 irrepserant,
1610 3486 1750 3548 oindiea-

124 3592 188 3653 tum
198 3589 344 3664 proferre
358 3586 391 3646 in
405 3584 502 3645 lueem
517 3583 678 3655 constitui,
696 3601 855 3662 omnesque
868 3601 980 3646 nereos
993 3585 1150 3658 contendi,
1165 3591 1200 3645 ut
1216 3602 1323 3646 eorum
1341 3586 1488 3663 omnium,
1504 3587 1559 3664 qui
1571 3593 1644 3647 ante
1655 3604 1700 3647 me
1718 3588 1751 3648 in

125 3683 180 3757 ¹lec
196 3685 300 3747 stadio
319 3683 524 3760 desudarunt,
541 3683 729 3746 industriam
744 3683 937 3764 laboremque
952 3703 1140 3765 superarem,
1154 3694 1182 3746 ot
1198 3688 1262 3749 nisi
1279 3705 1323 3747 me
1339 3706 1421 3749 meus
1434 3688 1522 3769 tollit
1538 3688 1672 3764 arsimus,
1689 3707 1747 3748 su-

126 3792 243 3867 peraoi.
261 3789 349 3853 Illud
362 3796 462 3850 autem
477 3806 572 3867 neque
587 3796 686 3849 tacere
700 3786 804 3861 debeo,
820 3794 847 3848 et
860 3786 1035 3864 pieriasum
1048 3787 1123 3849 mibi
1138 3787 1217 3850 duco
1231 3789 1386 3866 profiteri,
1401 3807 1545 3849 concessu
1558 3807 1593 3849 ao
1606 3787 1749 3868 beneflcio

129 3891 191 3957 tuo,
210 3887 268 3948 Pie
280 3885 443 3965 Pontifex,
459 3887 576 3965 foetum
591 3902 666 3956 esse,
690 3893 725 3944 ut
740 3883 953 3962 antiquissimi
966 3884 1085 3946 codices
1103 3884 1242 3947 vaticani
1264 3885 1351 3962 mibi,
1369 3885 1620 3965 quandocumque
1634 3884 1749 3955 uellem,

130 3982 217 4048 libere
232 3973 387 4063 poterent,
402 3984 514 4065 quibus
529 3984 655 4063 [acilius
679 3991 706 4044 et
722 3982 921 4061 locupletius,
943 3983 1028 4063 quod
1049 3983 1286 4060 destinaveram,
1308 4001 1428 4063 possem
1441 3984 1482 4045 ad
1503 3986 1620 4046 ercitum
1638 3985 1751 4063 pertiu-

134 4098 201 4146 sere.
220 4087 344 4149 Utinam
360 4105 406 4157 ea,
418 4104 485 4165 qua
497 4102 552 4163 eqo
567 4084 608 4146 ad
627 4083 832 4146 Prudentium
852 4083 1075 4144 illustrandum
1097 4082 1273 4163 adjicienda
1295 4102 1356 4144 esse
1380 4084 1497 4161 censui,
1510 4101 1575 4144 non
1596 4085 1642 4147 ite
1660 4087 1753 4163 porei

135 4187 217 4259 pretii
230 4193 260 4248 et
274 4184 398 4248 leuioris
413 4202 512 4264 opera
529 4182 629 4245 uideri
640 4183 776 4262 possint,
804 4190 839 4241 ut
857 4181 959 4245 miuus
974 4190 1141 4269 propterea
1163 4186 1272 4265 qratur
1296 4189 1499 4263 acceptusque
1520 4181 1561 4242 ad
1583 4189 1611 4242 te
1627 4181 1754 4243 aeeedat

135 4281 192 4359 ipse
212 4284 433 4348 Prudentius!
454 4285 565 4347 Verum
585 4268 746 4344 boc'etiom
761 4280 819 4341 erit
837 4280 1039 4344 humanitatis
1055 4288 1125 4355 tua,
1141 4279 1320 4344 Beatissimo
1333 4280 1438 4350 Pater,
1454 4285 1489 4338 ut
1513 4297 1560 4357 ea,
1575 4297 1641 4360 quae
1660 4280 1693 4342 in
1707 4298 1753 4340 me

130 4395 235 4454 perum
242 4382 474 4462 probabuntur,
485 4381 657 4443 Prudentia
675 4378 839 4449 condones,
856 4378 928 4439 etsi
945 4395 1008 4443 non
1022 4378 1243 4459 perfectionem
1255 4377 1547 4439 commentariorum
1562 4377 1597 4437 in
1608 4374 1758 4437 Pruden!

131 4476 216 4557 rrum,
229 4490 262 4543 at
278 4490 425 4543 canotum
438 4481 544 4542 saltem
557 4479 688 4559 aliquem
702 4496 798 4538 meum
810 4476 1062 4556 diiiqentiamque
1080 4477 1221 4551 comiter,
1238 4484 1274 4537 ut
1288 4477 1380 4544 soles,
1394 4483 1423 4535 et
1438 4474 1578 4538 benevole
1592 4475 1753 4554 complecti

129 4575 212 4640 mtto.
233 4579 317 4641 Mitt
328 4578 449 4659 quidem
465 4577 544 4638 nibil
562 4577 699 4653 qratius,
715 4575 794 4637 nibil
809 4575 962 4656 optatius,
975 4573 1066 4645 nibil,
1081 4573 1165 4653 quod
1180 4592 1220 4634 ee
1236 4574 1332 4635 animi
1353 4574 1411 4636 mei
1426 4573 1522 4651 maqis
1535 4573 1720 4653 sententias
1739 4607 1751 4619 ·

127 4674 232 4736 ibrum
244 4677 298 4754 sit,
320 4675 457 4738 occidere
468 4674 600 4761 poterit,
617 4673 749 4753 quamsi
764 4671 934 4735 oatbolieus
947 4680 1039 4751 poeta
1060 4671 1264 4743 Prudentius,
1281 4689 1357 4732 ame
1373 4672 1430 4744 ita,
1446 4676 1483 4732 ut
1500 4670 1597 4745 eides,
1612 4673 1755 4748 receqni-
1868 4753 1871 4760 Ι

127 4771 195 4850 ius,
202 4773 317 4854 judieii
330 4777 389 4849 tui,
402 4775 485 4854 quod
498 4772 713 4852 pravissimum
729 4772 869 4834 omnibus
885 4790 945 4832 esse
960 4771 1059 4848 debet,
1079 4772 1291 4850 praroqatioa
1304 4771 1495 4845 honestatus,
1511 4772 1579 4849 reqi
1599 4761 1753 4834 eoiboiico

128 4863 319 4950 taratottt,
334 4874 404 4950 Pio,
427 4872 534 4943 Felici,
554 4872 713 4957 'Aequstm
739 4871 871 4931 domino
895 4889 960 4931 meo
984 4868 1230 4941 elementissimo,
1255 4869 1344 4947 eujus
1366 4869 1462 4929 unius
1487 4867 1699 4948 beneficentia,
1718 4878 1754 4931 ut

129 4962 301 5034 incumbere
326 4974 360 5036 in
377 4972 438 5036 bae
452 4972 555 5036 studia
570 4991 632 5035 meo
647 4968 806 5033 arbitratu
816 4988 950 5049 possem,
971 4978 1129 5048 acceptum
1146 4969 1264 5047 referre
1277 4967 1381 5045 dobeo,
1396 4968 1480 5032 baud
1493 4969 1684 5049 injucundus
1697 4968 1751 5030 od-

134 5067 245 5130 ueniat.

802 5231 943 5385 sitq
960 5230 1096 5439 qqeu

853 5231 961 5489 ,q
985 5341 1043 5443 ,2

932 5451 985 5540 ⁴⁸3'bib
