3816 6120
101 260 138 317 69
710 243 886 302 eihstete]
908 242 951 296 ET
972 242 1141 298 [thehilt'a.
1704 243 1738 297 'ill

100 378 171 430 sisse
184 370 326 434 ilshoiaot,
339 369 365 422 in
379 366 420 420 his
433 363 530 436 quihus
543 360 691 435 Eutychete
702 360 894 430 depulsorum
909 357 936 417 Α
948 357 1106 412 criminibus
1119 357 1253 412 iovuhuos
1264 372 1311 411 soa
1334 357 1488 428 provisione
1505 356 1657 428 supposuit.
1679 358 1738 425 hura

99 481 152 522 suo
167 463 272 519 lantore
294 460 442 522 Dioscoro,
460 454 582 511 heresim
605 467 699 509 eorum
720 463 896 519 erroremque
947 447 1050 518 agriculo
1064 456 1103 501 tot
1126 449 1213 502 aliena
1229 448 1366 518 privilegia
1387 447 1517 504 nelanrlua
1542 447 1684 518 populator
1697 448 1739 503 in·

99 557 246 613 damnarit.
257 555 332 609 lianc
341 567 405 622 ergo
415 547 546 622 synodum
557 545 710 616 (uldictum
721 544 774 613 est)
785 543 895 610 honam,
946 538 1026 593 rasit.
1058 537 1110 594 sco
1131 538 1192 594 libri
1219 554 1272 594 nen
1300 539 1434 594 sulllcicot
1456 538 1504 613 [el.
1521 538 1697 609 sulllcerentl,
1714 538 1737 595 si

98 666 208 716 veram,
226 649 338 718 justam,
357 642 591 710 christianamque
610 653 671 695 ease
688 653 741 693 noa
760 635 894 701 dubitant,
947 627 1091 698 tragedias
1102 629 1159 697 ejus
1172 643 1238 698 ortas
1247 644 1294 698 per
1303 629 1435 685 Ecclesiae
1443 630 1525 685 totius
1535 629 1738 686 Orientieexer·
1809 690 1813 699 ,

100 755 245 811 perquam
267 740 310 794 illa
333 736 414 792 noaia
438 735 473 788 sit
491 742 605 788 remum
633 728 800 799 Perspiciunt
818 740 895 796 ergo,
946 718 1017 784 cuit,
1040 717 1176 790 sigillatim
1192 718 1334 775 'scrihere
1347 719 1507 775 moliamur:
1523 735 1559 775 ao
1572 719 1638 776 illnd
1654 718 1739 790 ipsius

100 833 265 899 tandemque
288 825 447 890 concedant,
462 821 535 892 qued
558 821 678 891 quisquis
690 818 726 873 ab
745 819 805 888 eius
817 818 896 887 iustas
947 818 1134 880 argumentum
1152 810 1229 865 nobis
1243 810 1398 866 existiment
1418 808 1619 880 opponendum,
1634 809 1738 881 quola·

99 934 129 977 et
143 923 303 978 Christiane
316 931 440 986 seraeque
456 911 552 986 synodi
572 911 636 978 ilde,
657 910 846 967 communione
868 916 897 966 et
946 903 1038 959 cinara
1051 918 1098 958 sua
1114 901 1140 957 in
1153 901 1318 972 imperialem
1332 900 1408 957 nisus
1418 899 1466 975 [nl.
1488 899 1739 974 viaus1eet1actare

99 1016 219 1071 „emm
231 1009 390 1075 deviaverit,
405 1007 448 1064 ,eg
471 1007 504 1063 ab
527 1019 559 1061 θ,
574 1002 747 1061 gaganum,
773 1016 896 1059 commu.
947 1008 1100 1065 personam.
1124 993 1178 1048 Cur
1198 993 1278 1063 igitur
1298 992 1405 1060 quando
1419 992 1514 1058 voluit,
1538 991 1643 1048 obstitit
1663 990 1739 1047 Basi-

101 1109 213 1164 pionem
236 1103 388 1171 miscuerit,
409 1099 576 1156 aulhcienter
598 1105 679 1167 atque
702 1102 896 1164 competenter,
948 1085 1015 1143 liaeo
1031 1095 1145 1156 tyranno
1159 1094 1234 1141 certe
1244 1095 1272 1139 et
1284 1083 1330 1157 [ut.
1342 1083 1398 1138 Cur
1408 1082 1445 1154 etl
1459 1082 1586 1140 haeretice
1595 1083 1740 1139 vehemen-

99 1194 251 1251 secundum
265 1192 350 1261 ipsius
362 1189 482 1254 delinita,
508 1195 629 1243 teneatur
650 1184 806 1250 obstrictus,
827 1199 897 1253 qun·
948 1188 990 1234 ter
1003 1178 1118 1234 inlestol
1132 1193 1181 1233 cur
1190 1177 1240 1248 ipsi
1267 1176 1422 1244 imperatori
1438 1176 1556 1244 Zenoni,
1571 1176 1633 1247 quia
1648 1178 1739 1248 palam

102 1290 178 1343 niam
200 1286 270 1341 ntala
289 1282 411 1356 synrndus
429 1280 499 1337 bona
519 1279 613 1334 debuit
635 1275 800 1333 submoveri.
825 1276 897 1330 hona
948 1269 1116 1324 Antiocheno
1143 1269 1223 1324 Petro
1248 1265 1333 1322 noluit
1354 1268 1573 1333 communicare,
1588 1280 1664 1322 suam
1684 1266 1738 1341 [al.

101 1394 170 1433 ,em
181 1375 303 1448 „mm
315 1373 388 1428 nup,
401 1385 483 1426 musa
497 1377 540 1425 eng
552 1384 601 1425 cur
619 1366 673 1423 ana
686 1366 783 1422 derigat
796 1365 899 1438 synodo
948 1359 1021 1412 addit
1041 1358 1179 1429 nimirum]
1195 1373 1248 1412 non
1268 1356 1388 1413 subdidit
1407 1358 1569 1415 noluntatem
1582 1358 1592 1412 l
1607 1359 1677 1415 Ecce
1693 1373 1742 1431 po·

100 1468 257 1531 retractari,
273 1481 308 1521 ne
322 1464 379 1535 ipsa
392 1462 545 1519 retractatio
555 1460 614 1530 ejus
624 1459 776 1516 constitutis
787 1457 899 1527 deroget
950 1449 999 1506 tuit
1013 1461 1038 1506 et
1054 1450 1080 1505 in
1096 1450 1155 1505 aliia
1179 1451 1321 1518 resultare,
1337 1450 1384 1506 ‘si
1403 1450 1486 1507 vellet
1500 1447 1547 1522 [ul.
1569 1452 1617 1506 sed
1642 1451 1740 1507 noluit.

103 1560 272 1614 firmitatem.
289 1555 405 1611 Proinde
417 1552 567 1623 quicunque
581 1549 796 1619 congregationis
811 1547 899 1612 Ephe-
949 1543 989 1597 ho
1004 1558 1055 1596 oon
1072 1542 1216 1610 Apostolus
1230 1543 1305 1610 dicit,
1321 1560 1373 1597 non
1388 1543 1476 1598 solum
1497 1543 1542 1614 otri
1564 1543 1677 1610 iaciunt,
1691 1545 1740 1600 sed

100 1651 171 1705 sinac
183 1659 311 1704 tenentur
322 1641 504 1713 allectu,quid
515 1640 603 1695 adhuc
611 1639 700 1694 Aeacii
711 1636 899 1692 tantummode
948 1633 1030 1688 etiam
1044 1633 1089 1703 niti
1100 1632 1271 1687 consentiunt
1286 1631 1444 1689 beientibus
1466 1644 1541 1688 reatu
1555 1634 1656 1703 pariter
1679 1641 1742 1690 eunt

103 1757 204 1797 nornen
218 1736 381 1800 obtendunt,
396 1745 423 1790 et
435 1749 487 1788 oon
503 1731 591 1802 palam
605 1740 752 1786 sectatores
766 1730 898 1800 Eutyelte·
912 1718 937 1780 B
950 1726 1045 1782 irretiti
1057 1727 1068 1779 l
1082 1725 1177 1797 sed...]
1188 1725 1235 1781 sed
1251 1736 1282 1780 ut
1293 1741 1325 1781 ea
1338 1741 1398 1795 ortae
1413 1726 1494 1780 latius
1508 1725 1664 1794 explicanda
1679 1734 1743 1781 sunt

103 1834 151 1899 tis,
166 1833 211 1903 quui
227 1831 281 1887 illic
295 1838 419 1897 receptus
431 1824 528 1889 luerat,
543 1822 716 1893 prolitentur3
728 1822 771 1890 quvi
787 1822 809 1873 si
824 1819 899 1874 relu-
951 1819 1115 1886 omittamus,
1132 1820 1142 1851 ⁷
1158 1819 1287 1889 quidquid
1303 1819 1460 1888 ipchenon
1476 1819 1622 1887 imperator
1631 1819 1688 1873 snit
1698 1817 1742 1872 lit-

102 1925 195 1995 giunt,
209 1932 290 1990 astrue
304 1918 444 1992 Eirtgcbcu
458 1932 488 1972 se
501 1915 643 1986 perhibent
656 1912 804 1978 exsecrari,
820 1911 898 1967 simul
951 1913 1016 1968 tcria
1032 1912 1181 1980 productor,
1194 1922 1289 1968 cuncta
1303 1926 1363 1968 susc
1373 1927 1406 1966 es
1420 1912 1508 1967 llcacii
1523 1912 1641 1982 gessisse
1653 1911 1743 1968 contei-

103 2025 213 2087 ergoet
224 2013 397 2081 ligvhesiuam,
412 2024 464 2081 qua
477 2008 548 2063 male
561 2016 684 2076 receptus
698 2013 749 2070 est,
763 2005 900 2073 conspira·
951 2007 999 2073 llo,
1014 2020 1063 2060 nec
1072 2005 1122 2059 hoc
1135 2018 1195 2059 eum
1208 2004 1300 2058 lallerc
1312 2003 1407 2058 litteris
1417 2004 1473 2057 suis
1483 2004 1540 2073 ipse
1549 2003 1649 2073 pariter
1663 2014 1744 2059 testa·

105 2107 211 2162 tionem
220 2105 278 2174 jure
292 2111 436 2166 caseum,
450 2110 477 2156 et
494 2097 742 2155 chalcedonensem
756 2097 898 2165 synodum,
952 2106 998 2149 tur
1013 2096 1136 2159 Aeacius,
1153 2096 1197 2165 qui
1213 2104 1313 2151 etcum
1329 2094 1503 2149 nihilominus
1518 2094 1645 2150 uniuersa
1669 2104 1744 2152 recle

105 2211 161 2266 qua
173 2194 271 2265 reiecta
281 2203 333 2256 est,
345 2191 442 2248 merito
452 2188 625 2246 consentient
638 2187 786 2243 institutam
799 2201 807 2251 3
820 2194 900 2255 atque
952 2185 1066 2256 gessisse
1080 2186 1250 2255 catuseripsit,
1261 2196 1289 2242 et
1303 2200 1352 2240 suo
1364 2184 1479 2240 consilio
1491 2185 1548 2240 haec
1562 2185 1657 2242 eadem
1669 2196 1744 2257 gesta

106 2290 144 2344 ita
156 2287 300 2359 synodom,
314 2301 375 2356 quae
387 2299 437 2354 pre
452 2282 505 2337 ilde
518 2279 651 2338 catholica
665 2280 700 2335 sit
720 2280 839 2349 praeliaa,
854 2292 900 2334 se·
952 2294 1005 2335 non
1020 2279 1114 2335 tacuit.
1129 2278 1210 2347 Quasi
1226 2293 1290 2334 vero
1315 2286 1417 2333 tantum
1433 2279 1458 2335 in
1473 2278 1648 2336 Alexandrini
1668 2280 1742 2337 l’etri

106 2379 228 2435 randum
243 2385 364 2433 veterum
384 2375 507 2441 ienuam,
520 2375 591 2429 sicut
604 2371 704 2428 dictum
725 2379 778 2437 est,
799 2369 901 2440 perspi·
952 2369 1141 2427 communione
1153 2369 1267 2424 acacius
1282 2369 1473 2438 prevaricator
1486 2370 1630 2436 exstiterit,
1651 2380 1679 2426 et
1690 2384 1745 2428 non

107 2472 183 2528 cient
201 2470 315 2526 novellis
335 2482 388 2524 non
413 2467 531 2537 potuisse
551 2463 745 2535 questionibus
767 2462 899 2527 ventilari,
952 2461 980 2516 in
994 2460 1131 2527 omnihus,
1144 2475 1211 2530 quos
1226 2460 1267 2515 vel
1283 2460 1354 2527 lecit,
1368 2459 1488 2531 depulsis
1501 2461 1642 2517 catholicis
1656 2462 1745 2530 ponti·

107 2560 158 2617 sed
185 2560 261 2631 juxta
288 2559 347 2629 ejus
369 2569 489 2614 tenorem
512 2556 597 2613 semel
630 2553 750 2626 legitime
776 2553 901 2624 iusteque
954 2552 1059 2620 lucibus,
1076 2561 1203 2619 tationem
1220 2564 1360 2624 tyrannus,
1377 2552 1505 2608 Ecclesiis
1517 2553 1668 2626 quibusque
1678 2570 1747 2626 pre·

108 2656 309 2725 depromptum,
333 2660 361 2708 et
381 2654 442 2721 iure
467 2651 574 2722 probari
603 2660 676 2706 recta
699 2658 843 2714 sectantes,
871 2657 900 2706 et
951 2645 1035 2715 poni,
1056 2646 1099 2700 vel
1123 2644 1212 2700 nlitcr
1238 2647 1389 2715 praepositis
1415 2661 1541 2715 perversa
1555 2650 1747 2703 couunuuione

109 2747 260 2802 sentientes
271 2743 405 2800 contraria
420 2743 549 2808 relutari;
564 2742 634 2813 quod
649 2742 729 2798 sedes
742 2742 899 2812 apostolica,
953 2739 1103 2810 permixtus
1117 2747 1169 2795 est.
1185 2738 1231 2808 nui
1248 2738 1299 2793 hoc
1314 2740 1372 2808 ipso
1387 2739 1535 2795 secuudum
1549 2754 1668 2795 cationes
1689 2737 1746 2795 lue·

111 2835 185 2890 sicut
194 2832 295 2897 decuit,
308 2832 418 2902 antiqua
441 2831 584 2888 traditione
602 2831 769 2896 custodiens,
785 2847 838 2886 non
853 2847 901 2903 sy·
953 2840 1013 2887 rant
1030 2831 1064 2886 ab
1076 2829 1256 2885 ecclesiastica
1270 2831 1460 2886 communione
1473 2830 1608 2900 pellendi,
1624 2831 1695 2902 quiid
1716 2845 1748 2887 se

112 2925 215 2980 nodum
229 2922 306 2979 duxit
325 2921 486 2989 iterandam,
505 2921 552 2976 sed
578 2922 605 2978 in
625 2920 684 2993 ejus
699 2922 902 2991 praevaricatore
954 2921 1024 2992 passi
1045 2930 1107 2975 sunt
1126 2934 1297 2976 successores
1312 2920 1379 2976 rivis
1403 2923 1590 2978 sacerdotibus
1614 2922 1746 2979 adhiberi.

112 3016 242 3089 pellendo
263 3013 334 3070 hane
353 3016 475 3070 eamdem
497 3011 628 3084 synodum
644 3013 732 3083 potius
754 3028 903 3083 exsequen·
953 3015 1019 3083 Quis
1033 3022 1120 3069 autern
1136 3029 1189 3068 nnn
1206 3013 1350 3083 perspiciat
1364 3014 1543 3083 Christianus,
1566 3015 1636 3086 qrrod
1655 3015 1749 3070 catinu-

112 3109 189 3163 dam.
202 3108 212 3139 ¹
225 3108 394 3176 Quapropter
408 3104 431 3160 si
444 3104 503 3175 quis
516 3103 605 3160 adhuc
624 3104 771 3160 secundum
791 3102 903 3160 Chalce·
917 3090 939 3153 C
955 3107 1014 3162 licis
1028 3105 1199 3175 pontilicihus
1213 3105 1320 3175 propria
1336 3106 1399 3161 sede
1424 3104 1537 3172 dejectis
1552 3120 1605 3160 non
1628 3105 1679 3160 nisi
1694 3106 1750 3160 ltm-

114 3201 264 3255 doueoscm
288 3198 418 3268 errandum
443 3195 502 3252 hanc
525 3199 560 3251 ah
576 3197 724 3266 apostolica
744 3196 807 3251 sede
828 3203 904 3265 gesta
957 3197 1031 3255 retici
1048 3196 1558 3267 notuerintintroducilquibustamen
1574 3197 1749 3263 conueheret

113 3289 299 3362 reprehendit,
315 3298 412 3358 praeter
431 3285 503 3359 quod
514 3297 541 3344 et
555 3290 605 3343 hac
617 3302 668 3358 oua
682 3288 805 3358 superius
815 3296 905 3342 astru·
957 3299 1050 3344 auctor
1065 3288 1112 3344 luit
1126 3287 1241 3343 heacius
1256 3287 1444 3356 subrogandis,
1458 3289 1501 3345 vel
1513 3288 1666 3359 subrogatis
1678 3302 1751 3345 cora·

114 3382 225 3443 xiim·
243 3386 271 3435 ei
282 3378 423 3449 mlimiilici
438 3387 525 3447 ⁹⁰10st
545 3378 649 3433 ”lione
663 3377 804 3448 convinci,
819 3377 906 3432 multu
957 3382 1250 3448 municatoraccessit3
1268 3383 1311 3437 his
1331 3383 1424 3453 utique
1437 3384 1500 3455 qrria
1515 3383 1562 3456 [al.
1576 3386 1621 3457 gui
1635 3383 1663 3456 a]
1675 3399 1752 3440 coro·

115 3472 203 3539 magis
210 3478 299 3526 tantm
306 3469 406 3526 acacio
414 3484 467 3523 non
476 3468 582 3525 licuisse
595 3469 776 3524 lateltiturista
791 3477 905 3524 tentare.
957 3472 1077 3528 munioni
1092 3472 1279 3528 hereticorum
1305 3473 1460 3531 nullatenus
1482 3474 1684 3546 discrepabant.
1698 3475 1753 3535 Cur

113 3559 239 3617 -bicat
254 3574 329 3632 ergo,
346 3575 397 3629 rpua
412 3559 530 3632 synodo,
546 3560 674 3615 loannem
692 3559 818 3615 secundae
834 3558 907 3616 sedis
959 3567 1153 3636 crgovelcum
1176 3566 1233 3623 hac
1252 3566 1311 3622 lieri
1326 3568 1432 3625 rideret
1454 3570 1585 3638 acacius,
1610 3586 1664 3627 non
1683 3572 1754 3630 sicut
1869 3595 1870 3599 ¹

114 3656 275 3722 debilitent.
286 3655 507 3725 hmlelltlllillsslb
518 3668 591 3710 ⁰0⁰⁰
605 3653 776 3720 ffllbollchln,
791 3662 820 3710 et
832 3669 845 3707 a
859 3668 907 3709 ca·
958 3659 1010 3715 sub
1023 3659 1153 3716 basilisco
1163 3659 1219 3730 jaro
1233 3659 1343 3727 lecerat,
1358 3660 1391 3716 ad
1405 3663 1580 3734 apostolicam
1601 3664 1693 3721 sedem
1709 3680 1754 3723 re·

116 3746 225 3804 tholicis
236 3746 401 3813 ordinatum,
412 3760 462 3801 nec
480 3745 514 3801 de
527 3744 657 3800 catluolica
679 3744 730 3800 lide
743 3755 771 3801 et
783 3759 908 3801 commit·
960 3753 1031 3807 lcrre
1046 3752 1159 3817 curavit,
1173 3760 1203 3810 ut
1217 3751 1239 3808 si
1253 3752 1328 3809 solus
1348 3753 1406 3824 ipse
1420 3770 1474 3811 noo
1500 3765 1615 3827 poterat,
1631 3758 1754 3827 'iunctis

115 3840 198 3895 nieme
211 3838 380 3909 aliquatenus
390 3836 552 3906 impetitum,
566 3837 675 3891 duxeri!
689 3835 907 3902 0¹⁰¹¹¹llend¹¹mv
958 3861 1020 3901 cnm
1033 3845 1128 3902 eadem
1143 3844 1263 3901 consiliis
1275 3856 1355 3918 atque
1369 3848 1537 3913 tractatibus,
1553 3849 1623 3919 apud
1639 3851 1755 3920 impera·

114 3940 144 3985 et
165 3928 321 3985 haereticum
336 3927 507 3983 mortiterum
528 3926 637 3984 Petrum
649 3943 696 3983 sua
710 3944 817 3999 quoque
830 3944 909 3986 ease·
960 3947 1043 3994 torem
1063 3948 1174 4008 possent
1191 3952 1252 4009 otras
1267 3938 1391 4007 religioni
1415 3949 1602 4009 conrpctcreut
1622 3941 1755 4011 allegarit

114 4022 227 4078 cutione
249 4020 424 4090 damnatum,
454 4020 571 4089 pontillci
599 4020 731 4076 catholico
755 4023 909 4092 permiserit
958 4028 1025 4084 liant
1040 4031 1061 4085 si
1078 4027 1222 4084 basiliscus
1234 4030 1276 4100 (ut
1294 4029 1396 4084 dictum
1414 4030 1468 4099 est)
1483 4038 1613 4100 tyrannus
1628 4040 1656 4086 et
1667 4029 1755 4086 haere-

115 4114 317 4185 subrogandum
332 4115 343 4145 ¹
358 4113 440 4185 (cum
457 4112 562 4169 etiamsi
576 4129 638 4170 reus
658 4115 814 4171 marrilestus
837 4125 909 4173 esset
959 4123 1029 4178 licus
1046 4121 1154 4190 scriptis
1168 4120 1322 4187 apostolicae
1347 4120 1421 4175 sedis
1437 4119 1613 4176 veliementer
1624 4121 1755 4178 infractus

115 4207 254 4274 imnnes,
277 4212 338 4276 post
349 4218 413 4259 eum
434 4205 529 4259 saltem
552 4204 713 4261 catholicum
739 4208 909 4265 conuenisset
959 4221 1011 4277 est,
1027 4221 1054 4268 et
1069 4227 1082 4264 a
1100 4210 1224 4280 plurimis
1239 4209 1563 4274 revocatusescessibus;
1577 4221 1680 4281 quanto
1695 4226 1754 4269 ma·

115 4296 219 4367 pratici
240 4294 426 4359 sacerdotem,
453 4295 522 4350 sieut
542 4294 599 4364 ipae
623 4311 730 4366 qunque
747 4297 804 4352 suis
825 4299 909 4354 sacris
958 4303 998 4372 gis
1014 4303 1147 4372 legitimus
1161 4301 1317 4369 imperator,
1329 4301 1373 4370 quui
1384 4315 1414 4356 se
1426 4300 1589 4357 catholicum
1603 4301 1688 4357 videri
1704 4317 1753 4360 vo·

114 4397 219 4444 sanct:
238 4386 377 4443 memorie
392 4385 533 4441 Timotheo
552 4387 686 4442 catholice
702 4387 728 4442 iu
745 4388 908 4445 Alexandria
962 4392 1047 4457 lebat,
1060 4395 1147 4461 potunt
1160 4405 1221 4445 curn
1236 4392 1383 4458 apostolica
1398 4391 1464 4447 sede
1478 4400 1635 4448 cunctorum
1650 4407 1759 4465 quoque

115 4474 267 4533 lacieadntn
277 4475 436 4546 promisisse
450 4474 548 4545 legitur
563 4474 729 4550 imperator).
754 4478 811 4546 Qua
826 4493 909 4550 syne—
922 4455 949 4515 Ῑ)
962 4484 1117 4554 pontificum
1133 4482 1271 4537 moderata
1290 4482 1462 4553 suggestione
1476 4484 1603 4554 mitigari,
1619 4486 1757 4557 precipue

115 4572 169 4640 do,
189 4571 275 4627 tertiae
287 4569 361 4626 sedis
377 4571 532 4640 episcopum
547 4569 596 4642 lul.
611 4573 695 4628 addit.
707 4571 840 4646 sanctuni]
855 4573 909 4631 Ca·
963 4590 1022 4630 cum
1036 4573 1156 4643 eiusdem
1171 4573 1259 4630 acacii
1271 4584 1344 4631 essct
1355 4575 1479 4644 specialis
1494 4575 1582 4633 lautor
1595 4586 1623 4635 et
1635 4586 1756 4646 amatim

115 4660 359 4718 lendionemidem
373 4660 471 4730 expelli
485 4660 568 4718 lecit·
582 4665 717 4720 Aeacius:
736 4663 909 4722 nihilominus
963 4670 1045 4738 etqui
1062 4669 1158 4724 litteris
1173 4668 1229 4723 suis
1246 4677 1299 4723 tarn
1315 4669 1402 4739 ipsum
1424 4668 1552 4726 Acacium
1565 4685 1643 4742 quam
1656 4683 1758 4729 sanctae

115 4754 269 4812 ‘madent
284 4752 393 4810 Petrdnt
413 4764 466 4810 um
492 4755 645 4811 haereticum
668 4755 857 4823 manilestum,
881 4767 911 4813 ut
963 4763 1100 4818 memoriae
1116 4777 1211 4832 papam
1231 4761 1397 4830 Simplicium
1422 4763 1527 4834 magnis
1543 4764 1759 4823 landibueextu·
1853 4802 1855 4807 ·

116 4846 205 4902 siden
220 4844 310 4916 pabnt
321 4859 434 4901 ueceaee
451 4842 497 4918 [al.
514 4860 564 4901 nec
577 4844 617 4917 se]
630 4847 830 4904 communicare
842 4864 910 4918 prae·
962 4857 1050 4920 iisset,
1065 4856 1207 4911 doceretur
1217 4858 1287 4924 «guod
1300 4856 1433 4911 timreticis
1447 4857 1663 4913 constantissime
1678 4860 1759 4915 reati·

116 4936 252 5004 tenderet,
266 4951 315 4992 sua
330 4949 427 5006 passm
437 4944 479 4992 est
494 4936 670 5008 dispositione
692 4939 828 4995 substitui.
851 4941 907 5009 Qua
963 4948 1040 5002 iisset
1052 4945 1100 5019 [nl.
1125 4944 1306 5017 restitissentl.
1323 4946 1376 5002 Cur
1401 4956 1475 5002 tauto
1498 4959 1618 5018 ternpore
1642 4949 1759 5005 Aeacius

116 5029 234 5099 denique
246 5042 297 5098 per
310 5037 394 5083 toturn
416 5027 552 5084 Orientem
577 5030 681 5102 synodo
707 5033 800 5097 ejectis
816 5035 910 5091 ortho-
962 5039 1088 5094 interista
1098 5036 1237 5104 conticuit,
1252 5037 1302 5091 nisi
1311 5037 1372 5107 quia
1386 5037 1529 5107 praepediri
1541 5037 1590 5110 [ul.
1601 5034 1757 5110 prohibere]

116 5118 214 5187 doxis,
227 5118 304 5175 nullo
323 5117 437 5175 crimine
459 5119 613 5188 maculatis,
628 5134 725 5191 prauos
748 5137 868 5194 quosque
881 5135 910 5184 et
963 5130 1073 5188 nolebat
1097 5129 1230 5186 ullatenus
1252 5131 1338 5200 quae·
1359 5145 1409 5201 pro
1433 5129 1568 5188 haereticis
1587 5129 1758 5188 desiderabat

154 5321 165 5354 ¹
182 5318 258 5387 Qvod
270 5318 295 5373 si
305 5317 364 5386 pais
387 5317 441 5372 tur
464 5317 495 5371 ab
516 5317 656 5390 apostolico
676 5321 735 5376 aede
754 5322 794 5377 nel
816 5332 907 5380 sancto
999 5326 1063 5382 ‘ht
1079 5326 1151 5393 cod,
1163 5328 1256 5383 eidem.

119 5390 200 5463 (male
212 5389 336 5458 meda)
346 5388 446 5459 spuendo
469 5400 526 5441 actu
544 5390 715 5456 reprehendit,
732 5396 905 5463 praeterquod
999 5399 1010 5430 ⁸
1026 5398 1062 5452 hi.
1077 5398 1151 5464 cod,
1163 5399 1315 5454 describere.

119 5462 205 5529 prisea
228 5475 313 5513 rerunt
340 5458 488 5525 probatione
514 5460 681 5525 retroducitur,
706 5463 806 5518 irttrrt'ot
826 5467 906 5522 multo
1000 5469 1061 5523 ⁸ld.
1074 5469 1148 5536 end,
1162 5469 1186 5523 tt'
1199 5470 1289 5525 nollet.

119 5531 202 5596 manis
217 5529 308 5583 deuio
324 5545 375 5583 uun
386 5529 486 5582 licuisse
500 5531 630 5597 fatebitur.
646 5533 775 5589 lanaeus.
998 5541 1008 5570 ¹
1024 5538 1061 5592 hl.
1075 5538 1148 5600 cod..
1163 5541 1317 5609 quidquod.

156 5599 278 5654 'inclusa
293 5598 445 5670 parenthesi
457 5599 552 5656 desunt
566 5601 593 5659 in
607 5604 699 5660 codtce
712 5603 870 5664 Veronensi.
1000 5610 1010 5641 ¹
1027 5610 1064 5664 hl.
1079 5609 1155 5675 cod„
1166 5614 1264 5667 curretis
1278 5629 1337 5666 runt
1355 5615 1456 5673 eedem.

157 5669 169 5702 ⁸
185 5669 222 5726 ld.
235 5669 309 5729 ced..
323 5683 354 5723 uc
366 5668 482 5724 drusius.
999 5682 1009 5713 l
1023 5679 1077 5736 Pro
1088 5680 1215 5738 lucereticia
1224 5683 1322 5742 desunt
1335 5685 1362 5740 in
1378 5688 1439 5741 coil.
1457 5683 1615 5744 Veronensi.
