3816 6120
135 241 181 303 iii
385 241 556 299 nteouotx
574 239 710 298 tuuttt.
731 238 887 296 couctttt
907 238 1060 307 QUAEoAtt
1080 241 1102 294 A
1122 239 1268 314 cottsto
1287 240 1501 304 CELEBRATA.
1707 249 1758 306 lbi

131 365 180 484 qne
221 356 302 411 istola
313 355 347 409 ad
359 351 477 409 Coruinum
488 353 604 422 Calanta,
616 363 638 408 et
651 353 678 407 in
688 352 739 421 fine
749 361 839 423 quast.
850 352 885 406 de
895 351 1025 424 sanquine
1035 351 1131 408 Cirristi
1138 369 1149 420 ,·
1164 353 1303 412 Gratianus
1313 357 1375 412 dist.
1391 357 1434 424 tc,
1445 374 1500 431 cap.
1516 358 1611 415 saneta
1625 360 1757 428 Romanu:
1777 355 1778 359 ’

154 445 196 481 arc
216 428 296 480 ardus
312 424 507 480 Wartrsatieasis
520 425 665 494 episcopas,
681 423 746 477 sarii
761 422 859 476 codices
871 437 932 476 ntss.
947 437 1082 490 carnesque
1094 426 1199 486 eccusi,
1212 423 1347 481 Gelasium
1362 426 1438 498 bajus
1454 430 1545 483 decreti
1557 441 1685 485 auctorem
1697 449 1758 502 pro·

132 502 203 553 dant.
218 496 285 550 Deni
320 510 333 548 e
347 493 493 548 ttornntsdse
507 506 583 563 popae
595 494 620 547 in
635 493 810 561 antiquissimo
828 490 984 573 Verqellcnsi
998 493 1084 548 codiee
1095 490 1219 548 Baiusias
1236 505 1259 550 et
1272 494 1408 567 Gltiffletias
1420 499 1446 551 in
1460 498 1575 565 lurensi,
1588 499 1654 554 illud
1667 503 1758 556 ascribi

131 574 265 621 testantur.
298 565 394 631 ndeqnc
407 561 529 633 Ciripletio
543 566 569 616 in
583 563 633 632 fine
645 574 762 616 notarum
776 560 811 614 nd
828 560 952 632 Viqslium
964 560 1117 630 Tapsenscm
1131 565 1319 631 ecistimatum,
1334 567 1458 621 decretum
1471 571 1518 622 ltoc
1539 571 1621 639 primo
1633 572 1758 626 sancitum

132 635 208 704 [uisse
218 653 234 688 o
246 634 349 689 Gelasio
360 636 390 700 in
403 632 510 687 concilio
524 631 640 686 liomano
656 632 704 685 laec
717 647 782 685 anno
794 647 803 684 .·
815 631 851 684 ita
867 640 950 684 tamen
963 640 992 683 ut
1005 648 1056 685 non
1067 634 1141 698 quasi
1151 635 1277 687 decretum
1291 637 1459 705 pontificium,
1474 638 1518 692 sed
1527 639 1593 693 selae
1607 641 1684 694 totius
1699 657 1759 694 con·

133 705 184 758 silii
195 707 300 777 quidam
313 719 394 757 conon
408 702 541 773 prodiret:
555 713 607 754 tum
621 702 712 755 deinde
727 701 758 754 ab
774 699 914 755 ilormistla
934 701 1029 755 editum
1045 718 1097 756 esse
1109 703 1156 757 sub
1168 705 1251 774 [orma
1266 705 1402 775 pontificia
1415 706 1559 774 decretalis,
1573 717 1597 763 cl
1609 709 1635 762 ia
1648 711 1758 780 quinque

132 776 217 830 titulos
236 774 347 828 metitodi
361 773 442 843 pratia
457 772 564 826 diuisum
578 787 608 824 ac
622 776 728 840 sortasse
742 770 869 824 nonrtullit
883 771 910 824 in
923 770 985 825 locis
1000 773 1156 829 restitutum.

163 844 294 900 Gelasium
310 853 393 896 tamon
413 840 566 894 celeberrimi
586 841 663 912 ltup'us
677 842 770 894 decreti
784 851 916 893 auctorem
930 856 998 908 csse,
1017 850 1041 894 et
1058 844 1159 896 nonnisi
1179 860 1224 913 per
1238 860 1350 899 errorent
1367 844 1432 900 illud
1453 844 1598 901 Hormisda
1610 848 1757 903 attributum

133 914 318 970 demonstrabo.
333 923 356 966 et
370 913 455 971 litem,
471 912 498 962 ni
512 906 585 964 ualde
600 911 686 980 [ullor.
701 911 830 963 dirimam.
854 909 885 963 la
900 925 930 963 eo
943 925 1000 964 rum
1013 911 1191 966 detunctorum
1206 914 1360 968 uoluminum
1376 917 1452 969 indeo
1465 916 1569 979 teaimr,
1583 918 1648 971 inter
1659 919 1757 974 ealibri

134 985 246 1038 {jassioni
258 1000 289 1036 ac
299 979 390 1035 Fausti
406 981 519 1034 liciensis
531 988 694 1033 numerantur
709 982 755 1032 Aac
770 979 900 1046 prarnisso
912 981 1035 1034 sententia
1046 997 1055 1034 .·
1068 1000 1078 1033 c
1093 979 1200 1047 Catera,
1214 998 1270 1052 qua
1281 985 1312 1036 ab
1325 984 1449 1039 baselicis
1462 988 1512 1040 siue
1523 987 1688 1042 scitisntaticis
1698 1005 1757 1042 con·

134 1056 235 1125 scripto,
250 1052 290 1106 ael
304 1052 441 1122 prodicus
454 1059 523 1117 sunt,
540 1051 685 1104 nuliatenus
699 1051 790 1119 recipit
810 1049 935 1103 carbolioa
947 1060 972 1103 et
986 1051 1126 1117 apostolica
1146 1051 1262 1107 Romana
1276 1052 1403 1122 Ecclesia,
1418 1055 1532 1124 equibus
1548 1073 1638 1124 pauca,
1652 1073 1710 1123 quce
1721 1059 1755 1112 od

134 1124 278 1176 memoriane
292 1127 458 1181 veneronum
473 1137 489 1173 a
501 1119 631 1173 catholicis
643 1118 748 1173 uitanda
762 1127 830 1183 sunt,
844 1119 970 1173 credimus
982 1135 1035 1175 esse
1047 1120 1187 1176 subdenda.
1204 1122 1338 1186 acremque
1351 1126 1475 1193 plurimos
1489 1126 1565 1180 libros
1579 1128 1756 1181 baereticorum

133 1194 288 1260 aliorumque
307 1193 459 1243 incertorum
473 1199 604 1243 auctorum
619 1187 711 1243 Patres
725 1189 816 1260 spnodi
831 1188 954 1242 liomance
967 1189 1144 1251 damnassent,
1161 1192 1206 1246 itos
1220 1193 1286 1246 inter
1298 1191 1414 1248 Cassiani
1425 1203 1449 1247 et
1466 1193 1556 1248 Fausti
1570 1196 1698 1251 uolumina
1712 1215 1757 1265 po·

133 1278 202 1316 sacre
214 1262 263 1315 Aac
274 1259 348 1314 titulo
363 1276 371 1311 :
388 1277 398 1310 t
414 1257 544 1340 Opuscula
555 1257 672 1340 Cassioui
686 1258 821 1340 presbyteri
832 1256 979 1340 ¹(s'aliiarant¹
991 1257 1147 1341 apocrpplra,
1161 1263 1282 1343 opusculo
1294 1260 1385 1317 Fausti
1398 1264 1526 1331 ileqiensis
1538 1263 1681 1319 Galliarum
1693 1282 1757 1336 apo·

135 1328 1628 1520 altissidiori‘tit-{tiufiiiitbritolii?:tittrtlttlttiotttii't:lidii
1640 1335 1756 1459 titt

134 1470 244 1539 chttrc,
261 1471 303 1538 qui
316 1485 346 1521 ec
360 1469 421 1521 Asia
434 1478 592 1538 erumpentes
605 1469 725 1521 aduersus
740 1484 796 1520 cunt
827 1467 942 1536 'aropam
954 1477 1028 1536 alque
1042 1469 1154 1537 cliricum
1168 1481 1365 1537 contorpuerant,
1381 1482 1405 1523 ut
1420 1489 1487 1525 auno
1499 1472 1550 1527 ortt
1564 1472 1754 1542 explicabimus.

134 1539 168 1593 lio
182 1555 268 1592 rerum
283 1547 351 1593 stntu
365 1538 495 1591 consuitur
510 1540 651 1591 l’ossessor
665 1537 797 1617 episcopus
817 1536 954 1606 Africanus
973 1553 988 1589 a
1008 1535 1183 1590 Trasamando
1206 1538 1300 1609 Aprica
1313 1556 1370 1612 repe
1391 1541 1416 1595 in
1437 1542 1552 1595 cecilium
1573 1544 1682 1605 masur,
1698 1545 1757 1598 cirum

134 1607 353 1671 Constantinopoli
367 1607 522 1668 mortrbotur,
538 1606 580 1659 ubi
594 1606 684 1660 Fausti
698 1606 753 1658 librs
766 1622 782 1658 a
795 1606 910 1676 pluribus
924 1605 1122 1673 defendebantur
1135 1619 1161 1662 ut
1174 1608 1302 1677 catholici,
1316 1626 1333 1663 a
1347 1610 1477 1665 llaremio
1491 1627 1548 1664 uero
1562 1619 1584 1663 ct
1596 1627 1612 1665 a
1626 1610 1757 1667 monacbis

134 1679 236 1749 chtlnis
249 1679 287 1732 uti
298 1678 410 1732 Aarctici
420 1677 616 1742 damnabantur,
630 1678 736 1731 connsulit
749 1677 850 1742 ipsenret
866 1674 892 1728 ll
895 1677 1031 1730 ormisdam
1045 1692 1151 1743 papam,
1165 1682 1227 1741 auid
1247 1681 1278 1734 de
1298 1680 1386 1734 iisdem
1406 1682 1476 1735 libris
1497 1681 1654 1735 sentiendam
1677 1691 1757 1745 esset,-

133 1764 234 1816 eanrquc
248 1749 274 1801 in
287 1764 340 1800 rem
349 1746 479 1800 lustinum
491 1746 624 1798 diaconam
638 1761 711 1798 saum
723 1747 756 1798 acl
768 1761 825 1799 eum
837 1748 912 1799 arisit.
926 1744 1016 1799 Ecstat
1030 1749 1085 1817 ejus
1098 1748 1132 1799 ad
1145 1748 1307 1803 llorntisdom
1323 1748 1424 1805 Relatio
1432 1760 1494 1804 tons.
1508 1751 1633 1818 superiori
1643 1749 1755 1814 conat..

134 1818 276 1887 diciturque
290 1827 392 1884 accepta
407 1834 416 1866 c
432 1830 466 1869 att
476 1816 525 1868 cal.
542 1816 649 1883 Aaqusti
661 1813 765 1869 liustico
781 1814 813 1869 b'.
826 1814 857 1870 C.
870 1830 922 1869 cos.
935 1815 962 1868 id
975 1824 1012 1869 est
1024 1831 1092 1869 anno
1105 1818 1165 1872 520.
1182 1817 1246 1873 Hac
1261 1817 1418 1874 Possessoris
1429 1821 1456 1874 in
1466 1835 1496 1874 ca
1508 1819 1604 1874 aerbo:
1620 1839 1629 1871 c
1643 1820 1757 1874 Arbitror

133 1896 239 1940 sutram
251 1887 432 1941 beatitudiuem
447 1901 497 1938 nan
510 1887 587 1939 latere
600 1885 701 1952 quantis
715 1885 741 1938 in
752 1884 918 1940 Constantina
937 1883 1035 1938 olitana
1049 1884 1110 1940 urbe
1120 1884 1236 1942 Ecclesia
1250 1888 1347 1942 laboret
1360 1889 1469 1953 insidiis,
1482 1899 1506 1943 et
1518 1889 1552 1943 acl
1564 1904 1657 1943 morem
1668 1890 1757 1945 ueteris

134 1958 213 2011 morbi
224 1959 251 2010 ia
267 1957 363 2010 saniem
374 1956 467 2010 uulnus
478 1956 569 2009 iterum
584 1965 681 2022 errarat
695 1955 844 2022 irrumpere,
859 1901 1075 2022 profestorum
1090 1959 1203 2010 creditur
1216 1960 1341 2012 cicatrice.
1359 1957 1432 2013 liade
1446 1974 1503 2013 cuns
1519 1960 1686 2026 qaorunsdam
1701 1959 1755 2028 ira·

133 2032 196 2079 tram
210 2027 310 2080 anianus
323 2025 354 2079 de
363 2026 450 2080 codice
461 2021 551 2078 Fausti
563 2025 696 2093 cijrrsdam
707 2025 808 2079 notione
818 2022 886 2078 Galli
898 2022 1003 2094 lirqince
1013 2025 1120 2080 ciuitatis
1133 2027 1253 2096 episcopi,
1282 2029 1308 2081 ai
1321 2028 1351 2082 tle
1365 2028 1470 2083 diuersis
1483 2028 1556 2082 rebus
1566 2039 1590 2081 et
1602 2028 1757 2098 [sequentius

133 2097 161 2147 de
175 2098 259 2166 qratia
273 2096 322 2149 llei
335 2095 426 2150 diserte
439 2095 506 2147 uisus
522 2103 558 2147 est
572 2095 718 2160 disputare,
738 2095 765 2147 s'n
778 2095 927 2147 scandalum
941 2104 1089 2155 moueretur,
1102 2096 1160 2149 aliis
1174 2102 1212 2162 (at
1226 2113 1252 2150 se
1265 2045 1357 2151 zaroem
1372 2098 1483 2152 bumana
1495 2097 1596 2166 studio)
1610 2101 1637 2152 in
1655 2109 1756 2152 contra·

132 2166 196 2220 dans
210 2165 375 2221 renitentibus
393 2180 433 2218 me
446 2165 605 2217 crediderunt
621 2164 652 2217 de
665 2163 713 2217 boc
726 2163 844 2233 ambiquo
862 2163 1053 2218 consulendam.
1075 2183 1084 2216 s
1109 2164 1185 2217 Addit
1201 2175 1287 2234 postea
1302 2165 1437 2222 Possessor
1451 2181 1460 2220 .·
1476 2185 1485 2217 c
1506 2167 1607 2233 Quaeso,
1622 2174 1647 2220 ut
1663 2183 1756 2221 consu·

133 2236 254 2301 lentibus,
270 2236 331 2304 qaid
344 2234 376 2287 de
391 2234 490 2301 praefati
504 2234 613 2286 auctoris
627 2235 701 2288 dictis
714 2234 846 2296 uideatur,
861 2233 1011 2286 auctoritate
1031 2235 1178 2301 apostolicae
1199 2237 1370 2305 responsionis
1390 2252 1405 2289 a
1423 2245 1528 2291 noscam
1541 2252 1551 2291 .·
1565 2238 1674 2290 maxime
1687 2237 1756 2305 quod

132 2307 177 2428 inim
188 2302 289 2444 quqqae
305 2305 419 2426 ntaqistqi
433 2304 543 2425 miiqtam
563 2301 708 2358 Vitalianus
723 2312 746 2357 ct
759 2302 922 2356 lastinianus
937 2304 1062 2374 precipue
1074 2319 1151 2373 super
1166 2304 1213 2360 bac
1231 2322 1258 2361 re
1272 2307 1394 2375 rescripto
1406 2254 1569 2360 beatitudinis
1583 2314 1672 2360 uestra
1685 2308 1755 2360 simi·

150 2385 187 2428 ter
199 2392 225 2428 tu
240 2390 332 2428 ormart
363 2390 397 2428 est
417 2390 476 2427 aaa
491 2413 498 2426 .
517 2390 526 2423 s

165 2443 305 2497 llorsnisdn
319 2441 476 2498 Possessoris
490 2441 623 2511 epistolam
637 2443 679 2495 dic
694 2440 727 2495 iil
739 2442 832 2493 mensis
851 2440 917 2495 tutti
937 2443 998 2495 anni
1011 2442 1063 2498 tao
1078 2445 1190 2514 accepit,
1205 2453 1230 2498 et
1249 2445 1290 2499 die
1311 2444 1344 2501 lb
1358 2447 1451 2499 tneasis
1466 2445 1505 2499 Aa
1523 2447 1575 2500 usti
1587 2446 1622 2498 ad
1640 2445 1755 2500 eumdem

132 2515 259 2582 rescripsit
269 2512 402 2583 epistolam
412 2512 500 2567 urdine
513 2511 562 2576 to,
572 2513 600 2565 in
609 2528 659 2576 qua
672 2512 738 2565 inter
750 2512 802 2563 alio
813 2513 846 2564 ait
860 2527 869 2564 .·
885 2531 895 2563 c
914 2510 948 2564 ttt
962 2528 1020 2565 uero
1034 2529 1097 2578 quos
1112 2530 1155 2567 uos
1167 2514 1199 2568 de
1211 2511 1302 2568 Fausti
1318 2516 1450 2584 cujusdam
1464 2464 1534 2569 Gnitt
1548 2515 1668 2569 antistitis
1682 2515 1755 2570 dictis

131 2584 296 2645 consuluisse,
307 2583 398 2637 litteris
408 2582 548 2642 iudicastis,
559 2581 586 2634 id
597 2581 643 2634 sibi
657 2595 805 2651 responsum
815 2581 921 2634 ltabeant
932 2595 942 2636 .·
953 2598 1033 2648 neque
1047 2584 1120 2636 illum
1135 2585 1222 2654 recipi,
1238 2600 1316 2653 aeque
1325 2600 1483 2653 qaettsqaout,
1494 2601 1555 2654 quos
1569 2587 1597 2639 in
1607 2586 1755 2638 auctoritate

134 2651 239 2707 l’atrum
252 2667 303 2706 uon
312 2652 401 2718 recusit
415 2667 518 2705 ccamcn
532 2651 662 2703 cattrottcce
675 2650 744 2718 fidei,
760 2660 804 2703 aut
819 2652 994 2705 ecclesiasticae
1007 2652 1149 2733 disciplina
1159 2653 1347 2724 ambipuitatem
1362 2670 1435 2724 posse
1449 2657 1561 2726 qiqnerc,
1576 2660 1620 2708 aul
1630 2654 1755 2724 relt'pt'osis

132 2723 309 2794 prejudicium
326 2736 484 2791 comparare.
503 2720 640 2774 Ficorum
655 2738 670 2772 n
685 2719 803 2773 Patribus
817 2735 873 2790 quce
886 2720 973 2789 fideles
988 2731 1077 2775 sectant
1094 2724 1198 2776 debeant
1209 2724 1323 2776 instituta
1338 2739 1347 2776 :
1361 2725 1411 2777 siae
1426 2723 1673 2789 interpretationes
1688 2737 1754 2791 pra-

131 2793 233 2856 dicatio,
248 2808 293 2846 scu
304 2792 406 2845 uerbum
420 2791 507 2858 populi
516 2791 685 2858 uelificationc
699 2799 873 2856 compostum,
887 2791 910 2843 si
924 2806 980 2842 cam
995 2791 1046 2857 pide
1057 2802 1139 2854 recta,
1154 2801 1178 2846 ct
1192 2793 1306 2845 doctrina
1321 2809 1383 2846 sorra
1402 2791 1549 2859 concordat,
1563 2793 1716 2855 adurittitur,
1731 2793 1754 2845 si

131 2861 270 2927 discordat,
282 2860 406 2915 aboletur.
423 2880 432 2913 t
447 2859 496 2915 libi
510 2859 674 2913 llormisdam
691 2860 721 2911 dc
736 2860 834 2912 decreto
851 2858 947 2913 Gelani
962 2862 1029 2929 loqui
1045 2872 1111 2915 recte
1129 2863 1290 2915 observarunt
1309 2863 1454 2916 cardinales
1468 2861 1594 2915 Baronius
1608 2877 1675 2914 antro
1690 2861 1752 2926 oio,

131 2947 199 2984 uutn.
210 2931 256 2998 il,
269 2940 292 2985 ct
306 2933 378 2984 card.
392 2929 511 2984 llatisias
526 2931 551 2981 iu
564 2927 651 2984 Cenat.
664 2927 721 2982 Pir.
736 2945 794 2998 paq.
810 2929 872 2984 tt5.
897 2928 1006 2995 Vescera,
1022 2946 1079 2999 qua
1095 2934 1237 3002 paulopost
1250 2932 1317 2985 idem
1336 2932 1451 3001 pontisera
1463 2931 1603 3003 subjuapit,
1620 2947 1669 2983 nou
1687 2947 1752 2995 sere,

130 2999 174 3054 scd
189 3001 306 3055 euntdent
320 2998 449 3054 Gelasium
462 3000 532 3053 illius
548 3000 639 3052 decreti
657 2999 812 3050 conditorem
826 2999 914 3063 inisse,
928 2999 1058 3066 nraniieste
1072 3001 1202 3054 insinuant
1216 3015 1225 3053 .·
1241 3017 1251 3050 t
1269 2999 1296 3055 N
1298 3017 1330 3054 ott
1344 3001 1482 3067 improuide
1494 3001 1636 3054 oeaerorcda
1646 2998 1755 3053 Patrem

130 3072 252 3124 sententia
272 3070 342 3137 fideli
362 3070 504 3139 posteritati
517 3077 662 3136 quaessent
675 3067 801 3120 ratbolica
812 3072 945 3137 doqntata,
961 3068 1076 3134 definiit,·
1097 3078 1164 3122 certa
1185 3070 1307 3123 librorum
1327 3070 1400 3123 etiam
1421 3079 1531 3123 aeterum
1543 3070 1569 3122 in
1582 3070 1754 3123 auctoritatem

130 3140 284 3208 recipienda,
300 3152 386 3193 sancto
398 3139 498 3208 Spiritu
508 3139 656 3204 instruente,
668 3138 812 3208 prapiqens,
827 3153 858 3190 ne
870 3140 983 3206 opinioni
994 3152 1047 3192 saa
1062 3141 1140 3192 lector
1154 3139 1298 3209 indulqens,
1311 3154 1362 3192 non
1379 3141 1448 3206 quod
1458 3137 1624 3206 edificationi
1634 3138 1755 3192 ccclesia·

130 3209 198 3261 stica
209 3210 363 3268 conueniret,
375 3209 420 3262 sed
430 3208 499 3274 quod
514 3210 630 3278 uoluptas
641 3223 690 3260 saa
704 3208 868 3288 concepisset,
882 3218 1013 3261 assereret.
1029 3225 1039 3258 t
1056 3207 1189 3262 discretum
1203 3209 1287 3276 itaquo
1301 3209 1333 3262 de
1344 3209 1414 3262 libris
1427 3207 1576 3278 recipiendis
1587 3219 1611 3259 cs
1625 3223 1676 3259 stoa
1691 3209 1754 3261 reci-

130 3277 237 3345 piendis,
251 3294 302 3331 non
314 3278 344 3330 ab
361 3277 513 3338 llortttlsda,
524 3278 569 3330 ced
579 3278 610 3329 ab
625 3277 710 3344 aliquo
720 3292 752 3329 ca
762 3292 816 3345 epus
831 3276 1013 3330 successoribus
1022 3277 1049 3329 ia
1060 3276 1145 3348 aliqua
1156 3278 1253 3347 synodo
1266 3276 1382 3331 liontana
1400 3278 1528 3338 emissum,
1543 3293 1593 3329 nou
1608 3276 1708 3345 quidem
1723 3276 1755 3330 ab

130 3347 263 3401 Astostasio
273 3359 296 3402 et
307 3347 477 3418 Spmntaclto,
495 3347 537 3416 qui
554 3345 685 3400 Gelasium
700 3356 776 3399 sccutt
792 3355 867 3411 runt,
885 3355 908 3399 et
920 3345 1086 3400 ilorntisdam
1097 3357 1266 3411 antecessere;
1281 3362 1337 3400 eunt
1352 3349 1437 3399 unalitas
1449 3360 1558 3415 unquam
1568 3345 1595 3398 id
1610 3348 1754 3414 asseruerit,

130 3418 276 3483 nullumque
290 3433 337 3470 ms.
354 3418 500 3471 altermrius
511 3432 600 3469 nomeu
612 3416 742 3486 proferat,
756 3414 800 3468 sed
813 3432 829 3468 a
845 3415 956 3482 Gelasio,
972 3417 1014 3468 cai
1026 3416 1153 3469 irtnarneri
1167 3416 1265 3470 codices
1277 3417 1343 3471 illud
1354 3416 1505 3470 attribuunt.

162 3486 220 3540 Nec
233 3488 284 3539 dici
297 3498 375 3556 potest
390 3487 454 3541 iliad
473 3487 594 3554 scriptum
609 3502 662 3539 esse
679 3502 695 3538 a
714 3485 837 3553 Damaso,
852 3488 927 3552 cujus
948 3501 1038 3539 aotttcn
1058 3486 1220 3540 librariorum
1234 3501 1320 3540 errore
1331 3491 1430 3554 profert
1445 3488 1471 3538 in
1487 3484 1632 3539 collectione
1649 3484 1754 3540 Cresco·

130 3554 223 3620 niano,·
239 3571 297 3608 cam
310 3557 422 3625 plerique
435 3557 614 3626 opusculorum
627 3556 653 3608 in
673 3571 701 3608 eo
714 3563 911 3608 memoratorum
923 3565 1038 3609 auctores
1052 3566 1109 3624 post
1123 3556 1261 3609 Damasum
1275 3557 1382 3611 uicerint
1398 3566 1420 3609 nt
1432 3554 1589 3624 scripserint.
1603 3553 1678 3608 Niltll
1689 3570 1755 3624 pra·

132 3635 197 3678 terea
206 3625 238 3679 ab
250 3625 390 3679 iltrrmisda
405 3629 573 3690 incunctatam,
589 3632 615 3676 ut
629 3626 736 3678 credidit
749 3623 911 3694 catqpettnee
929 3640 985 3678 cunt
998 3623 1138 3679 Hormisda
1148 3627 1174 3679 ia
1189 3641 1235 3679 sua
1246 3629 1279 3678 ad
1290 3626 1473 3681 possessorem
1485 3624 1590 3696 epistola
1601 3625 1677 3676 citata
1688 3627 1755 3678 itanc

130 3697 238 3748 remittat
251 3695 286 3748 oti
298 3712 327 3749 ea
338 3711 396 3766 qua
405 3699 462 3767 jam
475 3695 530 3764 pera
538 3698 639 3763 suerunt
649 3711 665 3747 a
677 3694 807 3758 Patribus,
818 3692 931 3762 nibilque
940 3695 996 3747 noni
1009 3695 1041 3749 de
1052 3693 1157 3761 Fausto,
1172 3696 1264 3765 dequo
1275 3697 1404 3750 consultus
1414 3695 1508 3765 luerat,
1519 3701 1628 3748 statuere
1638 3694 1754 3749 noluerit.

131 3765 242 3832 Apparet
252 3766 329 3837 iqitur
340 3768 505 3819 llorsuisdaut
522 3771 572 3817 tom
586 3765 620 3817 ad
634 3763 806 3818 Possessorcm
817 3779 892 3830 quarn
906 3765 939 3818 ad
949 3765 1045 3832 leqatos
1054 3781 1125 3830 sitos,
1140 3765 1183 3833 qui
1196 3763 1414 3836 Constantinopoli
1429 3774 1487 3818 tuuc
1498 3764 1617 3834 eprbant,
1629 3763 1754 3818 decretum

130 3832 226 3888 Gelasii
242 3851 315 3904 papa
334 3833 432 3888 ntisiue
444 3850 474 3887 oc
494 3833 635 3898 mandasse,
650 3844 677 3887 at
690 3832 799 3886 illad‘ab
819 3833 935 3888 omuibus
948 3834 1064 3903 reliqiose
1082 3836 1263 3888 obuersaretur.
1287 3836 1343 3900 tho
1362 3846 1439 3905 pacto
1452 3833 1616 3889 Possessoris
1637 3833 1753 3900 petitioni

131 3903 236 3971 iaciebat
245 3905 316 3958 satis.
328 3903 437 3975 Contiqit
450 3919 518 3970 atero,
531 3913 558 3956 ut
570 3904 696 3957 decretum
707 3901 773 3955 iliad
788 3912 848 3956 tunc
862 3905 886 3956 in
901 3904 971 3957 sario
981 3919 1051 3958 carm
1070 3903 1135 3957 lario
1146 3905 1338 3972 transcriptum,
1349 3912 1372 3957 cl
1386 3905 1463 3958 latius
1479 3919 1522 3969 per
1533 3902 1671 3973 Europam,
1685 3901 1755 3970 Abi·

130 3989 183 4026 carn
193 3983 216 4026 et
229 3973 367 4038 linientem,
382 3974 520 4038 prasertim
532 3991 547 4026 a
559 3973 654 4026 t'nusto
668 3973 821 4026 aalaersariis
839 3974 1028 4027 disseminatum
1047 3921 1134 4041 fuerit,
1150 3981 1174 4025 el
1186 3974 1246 4040 quia
1258 3975 1289 4026 ab
1301 3973 1439 4027 liotmisda
1459 3988 1524 4040 papa
1538 3973 1643 4024 missam
1659 3972 1752 4038 iuerat,

129 4042 344 4178 qqqtsquqlnonaiue
357 4042 628 4165 ubq'queditjaqutqru,
644 4043 724 4123 eidam
738 4042 767 4095 ab
782 4040 920 4111 aliquibus,
931 4043 1050 4111 lerttporis
1070 4058 1220 4113 propressa,
1239 4043 1413 4110 imprudenter
1426 4042 1565 4109 ascriptum
1582 4040 1670 4109 fucrit.
1688 4039 1754 4094 ttae

163 4127 217 4165 scer
241 4128 369 4168 cusanca
401 4129 533 4166 rontsstne
562 4127 666 4165 utoors
686 4128 710 4164 o.

163 4178 293 4235 Barottius
307 4193 330 4235 et
344 4131 510 4236 refectionum
525 4129 794 4236 cottectoresqscrtounr
808 4182 935 4236 decretam
950 4177 1044 4233 Gelasii
1064 4180 1149 4233 datum
1168 4195 1222 4233 esse
1237 4179 1342 4233 Asteria
1355 4187 1382 4233 et
1395 4176 1523 4233 Praesidio
1542 4190 1631 4240 cess..
1649 4176 1696 4230 ltoc
1713 4193 1750 4232 sc.

130 4266 212 4313 auno,¹
227 4266 313 4305 rerum
327 4253 447 4322 refellunt
461 4267 504 4305 cos
516 4252 614 4305 codices
628 4267 690 4306 mss.
703 4253 728 4305 ia
741 4253 832 4319 quibus
844 4260 904 4304 noto
919 4248 965 4303 illa
976 4252 1128 4318 temporaria
1139 4265 1189 4302 non
1202 4248 1317 4302 babetur.
1334 4248 1395 4317 Leqi
1410 4251 1436 4300 in
1447 4246 1596 4301 bibliotlteca
1607 4247 1676 4316 reqia
1686 4248 1753 4301 ortti-

131 4321 249 4388 quissimo
259 4323 404 4376 charactere
418 4331 562 4385 erasarum,
574 4323 618 4375 sed
634 4322 689 4375 siae
705 4332 767 4375 noto
778 4320 920 4385 consulari,
932 4318 1060 4387 aliamque
1070 4320 1095 4372 in
1113 4318 1263 4372 bibliotltcca
1276 4320 1356 4372 sancti
1377 4317 1483 4371 Victoris
1497 4315 1661 4383 Parisiensis,
1672 4331 1688 4368 a
1700 4331 1753 4385 quo

132 4404 158 4440 ca
168 4391 243 4443 etiosa
257 4390 342 4456 abest‚·
357 4408 402 4445 nec
413 4392 501 4445 dubito
515 4392 576 4461 quin
589 4391 616 4443 in
630 4393 726 4445 caterio
738 4407 799 4446 mss.
811 4391 975 4447 desideretur,
987 4405 1045 4441 cant
1056 4389 1190 4455 concilium
1205 4386 1349 4441 Romanam
1359 4389 1517 4457 septuaqinta
1526 4387 1712 4455 episcoporum,
1727 4385 1753 4440 in

133 4472 177 4524 qno
188 4460 253 4513 illud
264 4461 384 4515 'emissum
394 4473 452 4515 autc
461 4476 557 4515 aunum
567 4461 620 4516 too
630 4460 782 4515 celebratum
794 4477 843 4514 aon
855 4460 941 4528 fucrit.
955 4456 986 4510 ln
996 4458 1100 4512 laudato
1109 4460 1175 4512 enim
1186 4460 1285 4511 decreto
1302 4458 1356 4512 ltac
1368 4457 1442 4511 aerbo
1453 4457 1484 4508 de
1498 4456 1603 4510 Sedalio
1614 4457 1732 4524 lequuntur
1744 4469 1753 4508 :

136 4544 144 4574 t
158 4527 222 4582 item
232 4531 381 4587 reiterabilis
390 4535 436 4584 uiri
449 4531 548 4587 Sedalii
562 4547 624 4597 opus
636 4529 770 4597 Parcltule,
784 4533 850 4600 quod
864 4530 971 4584 heroicis
982 4530 1114 4596 descripsit
1128 4527 1238 4581 uersibus
1251 4528 1350 4597 iasiqne
1364 4528 1440 4580 laude
1451 4526 1619 4597 proferimus.
1635 4544 1644 4576 n
1662 4523 1694 4578 lu
1703 4523 1754 4592 ,ine

133 4610 183 4652 aero
196 4600 254 4654 libri
265 4599 444 4655 Bucolicorum
458 4601 552 4653 codicis
574 4601 674 4669 l‘irqilii
688 4598 797 4655 lletlicci
813 4599 973 4654 uetustissimi
993 4597 1046 4651 bac
1065 4599 1198 4652 lrabeatar.
1221 4615 1230 4647 c
1247 4597 1353 4652 Tascius
1372 4596 1456 4665 Rudas
1470 4595 1631 4661 Apronianus
1641 4595 1754 4649 Asterien

135 4664 165 4720 V.
177 4670 206 4724 C.
218 4681 240 4723 et
251 4670 299 4724 iul.
312 4687 344 4725 rec
358 4672 447 4725 conrite
458 4674 565 4723 dortncst.
603 4680 690 4722 rotect.
705 4686 736 4724 ec
753 4687 819 4725 com.
834 4672 897 4738 priu.
913 4666 1121 4737 larqimrprai.
1142 4666 1205 4722 Urbi
1223 4665 1351 4721 Patricius
1365 4676 1389 4720 et
1406 4663 1494 4719 consul
1511 4667 1595 4718 ordin.
1608 4665 1656 4735 lcpi
1674 4671 1698 4717 et
1714 4663 1754 4717 di·
1856 4660 1866 4679 ⁸

135 4740 212 4793 stincti
223 4742 336 4794 codicem
347 4741 436 4810 {ratris
445 4740 571 4794 ilaritarii
586 4688 623 4793 ς’.
635 4737 677 4805 C„
688 4756 739 4793 non
754 4741 803 4794 truci
816 4741 909 4808 fiducia
924 4737 968 4792 sed
981 4737 1036 4807 ejus
1047 4740 1088 4792 cui
1097 4741 1129 4793 sit
1142 4738 1177 4789 ad
1189 4738 1274 4791 omnia
1288 4753 1342 4791 sunt
1353 4737 1456 4790 derutus
1466 4735 1579 4802 arbitrio,
1590 4750 1616 4788 xt
1626 4735 1676 4788 cal;
1690 4731 1754 4787 Alaii

43 4814 52 4831 ·
137 4804 215 4864 lirosa
230 4808 264 4863 P.
285 4810 369 4882 l'epili
382 4809 520 4864 llaroais:

495 4899 605 4949 Distineti
619 4898 751 4948 emendans
758 4907 853 4959 mutina
867 4898 923 4946 milti
932 4911 1020 4948 mutnus
1032 4898 1102 4947 amiel

560 4960 699 5010 Succedens
713 4960 782 5022 operi
793 4960 893 5009 sedulus
904 4960 1011 5009 incubui.

138 5037 265 5097 licoiicon
280 5042 343 5099 liber
355 5044 468 5115 explicit.
488 5064 498 5096 t

167 5112 222 5176 lim.
234 5115 306 5168 cord.
320 5114 441 5170 Norisias
453 5114 582 5176 laudatas,
594 5113 635 5179 qai
646 5128 702 5166 eom
712 5110 853 5166 clausulam
869 5113 1000 5178 producit,
1015 5111 1128 5165 obsertot
1139 5110 1164 5162 ia
1177 5116 1273 5162 uetusto
1284 5106 1370 5161 codice
1386 5105 1509 5159 Vaticano
1523 5121 1593 5159 nrm.
1610 5105 1688 5167 tiss,
1697 5114 1753 5174 post

138 5195 226 5235 ta'ttten
247 5182 375 5238 Pasciuie
395 5185 496 5240 Sedaiii
515 5184 568 5236 Aac
582 5184 650 5252 ieqi:
669 5200 678 5232 c
695 5182 751 5235 lloc
768 5198 831 5252 opus
851 5183 970 5236 Sedaiius
990 5185 1053 5235 inter
1067 5179 1179 5234 cartulas
1194 5179 1335 5247 dispersum
1352 5177 1465 5247 reliquit,
1481 5177 1547 5244 qaod
1558 5174 1718 5228 recollectum
1730 5183 1754 5228 ct
1858 5184 1859 5188 ’

137 5254 281 5318 adornatum,
298 5266 372 5322 utque
388 5255 456 5308 orani
475 5252 600 5323 elepantia
619 5251 774 5324 diuulqatam
791 5261 827 5305 est
843 5267 858 5303 a
875 5251 967 5304 Tuccio
985 5251 1060 5318 ilatio
1078 5250 1177 5303 Asteria
1209 5248 1280 5301 uinta
1294 5245 1327 5302 ll.
1343 5246 1372 5300 C.
1387 5245 1521 5301 exconsule
1534 5245 1664 5297 ordittariu
1679 5253 1753 5311 atque

137 5323 244 5382 paucio.
265 5342 276 5375 t
293 5322 409 5378 Similem
428 5324 487 5376 ltuic
501 5321 612 5376 codicem
633 5323 708 5375 etiam
726 5321 787 5374 sidit
800 5318 988 5392 Cuspinianas,
1008 5321 1051 5389 qai
1065 5320 1098 5372 ad
1114 5265 1274 5372 costsuqatum
1295 5316 1388 5370 Asterii
1403 5325 1427 5369 et
1450 5313 1578 5377 Prasidii,
1591 5315 1636 5378 ait,
1651 5327 1753 5391 carrecto

137 5387 228 5445 sedulii
241 5410 250 5442 s
265 5392 386 5447 ainrcto
399 5392 475 5459 Rutilo
486 5393 584 5445 Asterie
595 5392 681 5460 quinto
696 5390 728 5444 ll.
741 5390 770 5444 C.
782 5389 917 5445 erconsale
927 5391 1057 5442 ordinario
1068 5399 1141 5453 atque
1155 5388 1262 5453 patricio
1278 5406 1288 5437 a
1303 5387 1425 5457 scriptum
1438 5401 1500 5439 esse.
1514 5384 1609 5437 Eadem
1622 5388 1753 5460 annotatur

136 5468 181 5515 stat
190 5464 267 5515 etiam
277 5464 303 5516 iu
314 5465 455 5531 codicequo
467 5464 547 5515 Aldus
561 5461 691 5515 llanatius
701 5462 784 5514 senior
795 5476 856 5513 usus
866 5470 912 5523 cst,
924 5460 1047 5527 siquidem
1063 5459 1172 5511 aduertit
1186 5473 1200 5508 o
1220 5472 1249 5508 as
1261 5456 1326 5509 illud
1338 5471 1387 5508 non
1399 5472 1414 5507 a
1426 5453 1542 5517 Sedaiio,
1554 5452 1622 5504 sedo
1635 5447 1753 5529 siucero

136 5527 198 5600 liuio
212 5534 312 5586 Asteria
328 5533 360 5588 b'.
372 5533 401 5588 (i.
418 5532 552 5587 exconsule
564 5530 692 5582 ordinario
706 5538 780 5596 atque
794 5530 900 5597 patricio
915 5550 925 5581 a
942 5528 1097 5594 publicatum
1111 5540 1173 5578 esse.
1201 5474 1295 5578 ieram
1307 5527 1407 5593 quidem
1424 5534 1458 5577 cst
1474 5519 1674 5604 Sirmondumpn
1686 5529 1753 5599 aotts

136 5600 164 5652 ud
174 5603 246 5670 epist.
262 5602 296 5656 tt
310 5604 355 5656 lib.
369 5602 480 5656 Enreodii
490 5600 608 5665 scribere,
624 5599 650 5651 its
659 5600 745 5653 codice
755 5599 872 5653 licrnensi
881 5598 1002 5668 poematis
1015 5594 1149 5649 Poscbalis
1165 5592 1265 5649 Scdulii
1276 5593 1330 5648 Aac
1340 5595 1426 5648 baberi
1440 5609 1450 5647 .·
1464 5610 1474 5643 t
1488 5589 1546 5670 llas
1556 5603 1619 5652 aptas
1630 5587 1754 5643 Aeantem

135 5667 193 5730 later
204 5674 336 5729 chartulas
351 5673 491 5732 dimersum
506 5670 622 5733 reliqtcit,
638 5669 704 5735 quod
723 5670 900 5733 recollectum,
915 5668 1118 5734 adornatumque
1138 5663 1173 5717 ad
1194 5679 1293 5718 otttacm
1310 5663 1481 5734 cleqantiam,
1502 5654 1658 5727 tltaalualatn
1680 5666 1717 5713 ert
1738 5672 1764 5714 a,
