3816 6120
136 292 173 352 25
742 284 920 343 EPlSTOlaAE
939 285 983 343 tir
1003 286 1173 345 bruteri.
1741 291 1782 351 it

137 405 261 465 ecclesiis
278 401 427 467 debitores,
440 399 475 456 ad
495 397 590 455 iratres
612 406 640 454 ct
659 399 835 471 coepiscopos
856 402 1170 472 meosilmusopsram
1188 400 1352 473 quidemst
1372 399 1479 473 aliquos
1500 415 1534 459 er
1557 400 1626 469 illis,
1648 415 1780 474 operares

137 514 188 569 per
206 495 366 552 Dardaniam
386 494 547 549 constitutos
566 492 746 562 competentia
767 492 868 562 scripta
883 493 931 550 do-
984 489 1110 557 llomino,
1126 490 1231 548 salvare
1246 490 1403 562 possimus:
1423 490 1558 562 alioquin,
1572 492 1642 550 sicut
1655 493 1694 550 ait
1706 493 1782 566 sps·

140 587 273 653 ierimus,
295 585 413 654 antiquae
434 583 496 638 lidei
520 581 771 651 communionisque
795 583 931 639 tramitem
983 582 1078 649 stolus,
1093 593 1117 640 ts
1129 583 1213 655 ipram
1225 594 1323 639 cortens
1336 584 1435 638 custodi
1451 582 1479 655 (i
1492 582 1557 639 Tim.
1572 599 1599 651 ι,
1610 584 1669 656 ii).
1686 584 1782 647 Perire

139 681 344 749 subsequentes,
354 685 384 730 nt
393 688 490 730 carcre
501 674 607 730 valeant
618 675 740 745 mutagie
755 673 929 744 perlidorunr,
983 674 1130 730 retentione
1151 674 1268 730 nitamur
1286 673 1425 731 declinare
1448 676 1611 745 perniciem;
1635 687 1681 747 et,
1705 682 1779 750 (prod

138 783 163 826 st
187 769 329 825 nobiscum
356 766 488 822 illibatum
515 775 610 821 tenere
631 765 815 830 consortium
841 773 931 820 tamen
984 770 1072 825 solum
1091 768 1183 827 lacere
1203 769 1359 835 debeamus,
1381 769 1498 827 dirinam
1519 785 1569 840 pro
1590 771 1643 827 illis
1662 785 1783 830 exorare

138 860 312 916 dilectionem
329 871 436 928 quoque
459 866 531 910 tuam
555 870 608 911 sion
624 855 633 886 ¹
651 854 805 910 destitimus
822 853 932 912 deside·
983 859 1170 927 clementiam,
1183 869 1213 917 ut
1236 860 1422 932 resipiscente
1441 860 1540 915 diaboli
1561 860 1665 930 laqueis
1685 876 1702 918 a
1723 875 1780 934 qao

138 959 231 1007 rantes
244 949 334 1015 ellari,
347 948 425 1018 cuius
439 945 647 1003 sollicitudinem
661 946 696 1003 de
713 945 802 1002 noxiis
821 947 934 1017 quibus·
983 952 1054 1022 capti
1070 952 1225 1009 detinentur
1238 951 1252 992 b
1266 953 1302 1008 ab
1325 952 1409 1022 ipsius
1425 952 1580 1008 ioluntate:
1595 960 1625 1008 ut
1640 954 1674 1009 ab
1695 953 1779 1011 obsti·
1817 1001 1822 1016 .

137 1057 193 1114 que
216 1039 345 1107 vitandis,
365 1047 394 1096 et
419 1039 447 1093 in
474 1036 621 1094 retinendis
647 1051 708 1107 que
733 1036 766 1092 ed
789 1037 932 1093 utilitatem
984 1046 1093 1099 natione
1107 1042 1245 1098 mortifera
1265 1042 1441 1113 respirantes,
1465 1052 1566 1110 pestem
1581 1056 1660 1112 quam
1675 1056 1705 1098 se
1725 1041 1807 1135 irs·¹

138 1131 481 1207 pertineutcleristianam,
496 1129 658 1186 laudabilem
673 1129 857 1200 perspeximus
871 1143 933 1187 esse
988 1136 1105 1190 manitus
1125 1134 1251 1189 incidisse
1267 1135 1348 1190 etiam
1369 1134 1418 1204 ipsi
1437 1135 1573 1198 sentiunt,
1594 1133 1679 1189 inutili
1700 1147 1779 1191 rere-

140 1226 290 1295 lerrorem,
310 1238 345 1280 ex
365 1221 487 1279 litteris¹
507 1220 611 1277 scilicet
633 1236 701 1291 quas
719 1219 753 1276 ad
776 1219 886 1277 tratrem
905 1228 935 1278 et
985 1224 1088 1280 condior
1104 1224 1232 1295 languore
1251 1222 1385 1293 deposito,
1406 1221 1633 1292 adreeuperanda
1657 1221 1778 1279 remedia
1811 1214 1815 1222 '

139 1317 329 1385 coepiscopum
344 1328 435 1370 meum
449 1313 579 1370 Serenum
600 1321 646 1366 tua
662 1313 760 1368 caritas
777 1310 930 1368 destinarit.
985 1316 1144 1384 sempiterna
1161 1315 1247 1370 libero
1262 1313 1342 1370 corde
1361 1314 1529 1382 resipiscant.
1546 1313 1592 1367 llis
1605 1328 1672 1383 ergo
1684 1313 1778 1383 cogni·

139 1408 283 1463 ’Proinde
294 1407 511 1462 collaborandum
526 1404 577 1460 sibi
597 1414 642 1459 tua
663 1403 773 1460 dilectio
791 1403 933 1475 perpendit
986 1407 1091 1476 sisque
1105 1407 1175 1462 sicut
1188 1406 1304 1461 diximus
1324 1405 1358 1462 ad
1380 1407 1521 1475 regionum
1542 1413 1692 1460 uestrarum
1714 1413 1779 1459 suut

140 1499 287 1569 Evangelio
307 1499 369 1565 lici,
390 1507 419 1554 et
435 1496 447 1528 ⁸
463 1505 573 1553 aeternae
592 1497 686 1553 salutis
705 1495 830 1550 intuitum
852 1494 933 1550 etiam
985 1497 1087 1553 directa
1108 1496 1264 1567 puritilces,
1286 1507 1314 1552 et
1335 1496 1387 1566 ipsi
1410 1503 1567 1565 protegente
1594 1508 1642 1550 ros
1664 1493 1778 1551 uomitu

139 1589 311 1656 adversantia
324 1602 437 1658 quaeque
450 1586 588 1642 tolerando
602 1595 772 1652 constanter;
789 1595 817 1641 ut
831 1585 933 1642 nullum
987 1588 1092 1644 debetis
1113 1602 1175 1644 esse
1200 1588 1393 1644 convenienter
1419 1585 1558 1652 instructi,
1582 1595 1609 1641 ιι
1633 1584 1779 1654 prouinciis

139 1683 252 1746 subeas,
268 1681 339 1752 quod
359 1681 443 1747 absit,
458 1679 577 1735 ooelestis
601 1679 677 1750 regni
696 1678 884 1749 dispendium,
899 1679 933 1736 ad
986 1679 1079 1734 cadom
1094 1678 1244 1749 quibusque
1259 1676 1417 1746 ‘contiguis
1439 1675 1598 1730 liducialiter
1619 1676 1778 1744 qrrmdicare.

140 1771 212 1841 qum
227 1772 317 1841 utique
333 1768 384 1825 nisi
401 1769 517 1840 legitime
531 1770 685 1834 certaveris,
703 1784 756 1825 non
780 1780 855 1840 potes
870 1785 933 1840 per·
947 1765 971 1826 b
983 1769 1053 1825 Nibil
1068 1779 1110 1826 est
1123 1770 1193 1825 enim
1209 1769 1279 1839 quod
1300 1782 1401 1839 pavere
1419 1767 1577 1832 debeamus,
1597 1782 1658 1821 cum
1672 1777 1776 1822 certum

141 1864 243 1918 renim
261 1862 349 1919 Tanto
365 1861 455 1925 cuim,
478 1868 624 1932 prestante
648 1861 772 1926 Domino,
794 1861 871 1919 nobis
891 1869 933 1918 est
983 1862 1019 1916 sit
1032 1877 1046 1914 a
1061 1860 1164 1916 coelesti
1187 1857 1306 1914 Presute
1325 1872 1379 1914 non
1397 1856 1548 1927 derelinqui
1566 1871 1635 1927 quos
1649 1871 1707 1913 suae
1726 1871 1775 1913 re·

140 1955 294 2011 instandum
311 1953 539 2025 vigilandumque,
556 1963 656 2023 quanto
673 1954 723 2009 sub
737 1953 796 2023 ipso
811 1953 933 2024 lineium
983 1955 1070 2012 ritatis
1086 1954 1209 2023 prestitit
1221 1968 1296 2008 arma
1311 1961 1442 2016 tractare;
1459 1965 1509 2007 occ
1523 1951 1669 2021 quidquam
1683 1950 1777 2006 ridea-

140 2045 233 2103 mondi
245 2044 431 2102 vehementior
452 2044 560 2099 bunrani
579 2044 687 2114 generis
708 2043 793 2100 bostis
808 2045 932 2101 insistere
984 2060 1045 2102 mus
1065 2047 1089 2101 ci
1112 2046 1248 2101 ullatenus
1267 2040 1480 2111 praeterendum,
1504 2054 1564 2094 cum
1584 2040 1656 2109 ipsas
1673 2039 1777 2096 aniutss

139 2155 194 2193 non
215 2137 340 2206 quiescit.
360 2135 432 2191 ιιιιιιι
454 2135 637 2206 signillramus
662 2135 805 2202 omissum,
827 2144 841 2215 ι
861 2136 932 2209 quod
983 2144 1090 2192 nostras
1105 2150 1155 2206 pro
1172 2148 1266 2190 earum
1287 2145 1338 2189 nos
1352 2131 1468 2188 vuluerit
1489 2130 1576 2188 salute
1591 2124 1777 2186 contemnere.

138 2240 185 2285 aut
198 2227 361 2285 correctioni
374 2243 464 2283 rerum
483 2241 552 2298 quas
566 2228 592 2283 in
608 2227 740 2284 Ecclesiae
752 2228 870 2284 Orientis
888 2243 933 2285 se·
983 2231 1104 2298 Qualiter
1125 2238 1214 2284 autem
1230 2227 1271 2282 rel
1288 2225 1410 2296 pronciat
1431 2224 1530 2280 ibidem
1550 2222 1686 2293 religionis
1708 2221 1778 2280 ints-

139 2320 253 2377 minarit
262 2321 397 2387 inimicus,
412 2319 520 2376 Patrum
532 2318 632 2390 regulis
644 2330 836 2390 congruentem
849 2320 934 2390 possit
982 2325 1082 2396 grissa,
1109 2323 1151 2377 rel
1176 2320 1240 2390 quid
1266 2319 1378 2375 lorsitan
1401 2324 1551 2380 asseratur,
1575 2302 1673 2385 saepius
1698 2313 1778 2372 nobis

138 2413 270 2468 adbibere
283 2411 456 2466 medicinam.
475 2407 528 2466 Sed
543 2409 606 2480 quid
622 2409 753 2465 lecimus?
772 2411 834 2480 quia
848 2410 933 2468 obdu·
983 2426 1073 2471 restra
1087 2413 1195 2470 dilectio
1209 2427 1261 2467 non
1276 2412 1383 2466 omittet
1395 2408 1554 2474 ostendere;
1569 2414 1598 2461 ut
1610 2405 1775 2474 mccssarla,

139 2503 206 2559 ratis
220 2503 329 2558 auribus
344 2517 437 2557 rocem
458 2499 593 2571 relugiuot
608 2502 730 2556 veritatis
748 2501 853 2570 audire,
874 2512 933 2559 tan·
982 2508 1091 2565 Cirristo
1102 2507 1250 2575 tribuente,
1271 2503 1390 2561 subsidia
1411 2501 1549 2574 responsis
1567 2498 1777 2571 congruentibus

139 2605 221 2666 taque
233 2596 273 2650 sis
286 2594 371 2649 morbi
386 2594 523 2649 saevientis
538 2592 673 2660 incubuit,
689 2602 719 2647 ut
733 2607 825 2671 secum
839 2595 933 2650 malint
983 2601 1177 2656 ministremus.

138 2692 229 2744 salros
241 2701 362 2757 quosque
380 2684 516 2742 lethaliter
530 2692 675 2754 aegrotare,
695 2698 774 2754 quarn
794 2685 845 2754 ipsi
861 2684 931 2741 reci·

138 2795 204 2849 pere
218 2778 377 2842 sanitatcm3
392 2790 463 2830 nunc
479 2772 628 2830 inlicientes
643 2774 766 2828 uniuersa
781 2790 841 2844 quae
860 2775 932 2845 ipso·

138 2869 324 2939 tumulatus,
340 2870 458 2939 ipsorum
471 2865 713 2936 subscriptionibus
731 2868 930 2937 approbamus;

138 2981 212 3022 nrrnc
231 2979 292 3020 com
316 2961 457 3018 manifesta
478 2975 567 3017 rerum
595 2960 694 3016 luerint
716 2961 776 3016 luce
799 2963 929 3030 corrricti,

138 3056 227 3127 palam
245 3063 389 3126 aperteque
402 3053 517 3108 latentes
540 3066 679 3118 errorem,
698 3052 770 3107 nolle
791 3067 821 3109 se
841 3061 930 3110 tamen

1048 2690 1208 2757 Subscriptio
1223 2704 1307 2761 popoe.

983 2786 1053 2843 Deus
1068 2793 1095 2842 te
1107 2783 1266 2842 incolumem
1281 2781 1425 2851 custodiat,
1440 2780 1478 2836 lili
1491 2778 1676 2837 dilectissime.

1060 2919 1226 2978 ertsruta
1245 2919 1278 2976 tv
1297 2919 1363 2976 set]
1386 2930 1397 2959 ⁰
1417 2916 1704 2975 commutationibus

1019 3030 1051 3069 sn
1068 3014 1078 3031 '
1096 3028 1216 3071 rtusruts
1235 3028 1384 3069 usetsrnuts
1406 3026 1564 3066 resonares
1585 3024 1739 3066 tnctrrurtts

1186 3098 1290 3139 orricio
1308 3094 1561 3137 coesrnrrruorott.

138 3152 238 3207 ”¹⁶³⁰
256 3151 290 3204 Μ
304 3150 373 3205 '³²⁰¹
393 3163 467 3219 ΡΜ
486 3148 663 3206 ⁰⁰¹¹s⁸⁵⁸i⁰¹¹3⁸
680 3152 929 3222 ⁰⁰¹⁰¹⁰⁸¹¹¹i⁰¹¹i⁵l¹¹e
944 3133 967 3198 C
982 3175 1102 3229 Acacium
1109 3175 1169 3245 jure
1179 3190 1195 3226 tt
1205 3176 1265 3228 tede
1276 3174 1416 3243 apostolico
1431 3175 1591 3236 damaetam,
1603 3170 1662 3225 rtis
1672 3185 1771 3224 excom·

139 3245 313 3308 'testantur;
328 3241 374 3296 sed
394 3255 444 3296 nos
465 3242 555 3311 potius
576 3250 732 3311 exspectant
750 3243 805 3299 suis
827 3258 930 3313 praeta·

138 3333 300 3389 ricatoribus
316 3332 458 3401 implicari.
479 3332 657 3404 Quapropter,
678 3334 807 3405 largiente
830 3334 929 3392 elisisti

138 3425 239 3494 gratia,
255 3424 358 3492 magnis
371 3422 467 3477 studiis
481 3433 523 3478 est
541 3424 689 3493 agendum,
703 3435 733 3480 ut
752 3427 813 3496 quia
828 3426 863 3482 de
875 3428 929 3483 rita

138 3522 268 3585 perpetua
289 3512 330 3566 rel
344 3511 491 3566 amittenda
510 3527 554 3568 res
574 3513 664 3583 agitur
677 3516 720 3570 rel
742 3516 856 3572 tenende
882 3517 930 3575 de·

175 3657 190 3684 ⁸
206 3647 280 3712 Quod
299 3655 345 3700 aut
356 3682 412 3701 .....
424 3657 467 3701 ortt
492 3656 594 3715 potrum
612 3648 717 3718 reptilis.
736 3648 780 3706 Sic
802 3651 931 3709 ilaileius.

140 3718 194 3775 Sed
209 3733 271 3772 cum
286 3716 485 3797 ¹incommodum
499 3718 534 3772 sit
548 3719 694 3774 secundum
708 3730 768 3787 urit,
781 3723 931 3780 redundare

140 3787 733 3938 progigteesmffiifffigffgffisffimmoab·

183 3929 265 3983 ‘lium
278 3926 460 3983 ‘lirendortcus
471 3927 618 3984 thtlrorunt
632 3945 691 3998 rex,
709 3941 768 3999 post
779 3931 928 3991 Odoacrem

140 4013 231 4067 regem
254 3998 412 4053 llerolurum
433 3999 568 4054 devictum
589 4009 617 4053 et
635 4002 769 4066 occisum,
793 4018 844 4057 una
867 4021 928 4060 cum

140 4069 267 4122 ιιιιιιιιιι
284 4073 385 4137 integra
402 4067 476 4123 ltalia
497 4070 596 4135 potitus
609 4080 696 4135 esset,
717 4071 789 4126 bello
802 4074 929 4129 diuturno

139 4138 265 4208 latigatus
274 4142 308 4194 ad
318 4139 488 4193 Anastasium
500 4139 687 4208 imperatorem
697 4141 927 4213 Constantinopoli

140 4209 300 4280 degentem,
321 4209 388 4263 duos
403 4201 486 4264 lausce
506 4209 608 4278 legates
622 4211 749 4266 Faustum
772 4217 927 4284 magistrum

139 4279 307 4341 olliciorurn,
328 4290 355 4333 et
370 4280 500 4333 irenaeum
515 4280 662 4348 ablegavit,
681 4284 726 4350 qui
740 4283 772 4336 ιιι
787 4286 926 4340 obtentum

140 4349 225 4403 ltaliae
238 4364 344 4417 ιιςιιιιιιι
359 4349 458 4404 rectius
472 4349 676 4415 stabiliendum,
692 4368 783 4420 pacem
799 4355 849 4409 siti
864 4370 928 4410 con·

1017 3246 1189 3299 aturricotione
1202 3253 1330 3296 mortuum
1344 3260 1393 3298 non
1407 3259 1480 3314 posse
1496 3242 1603 3312 absolui,
1617 3250 1640 3296 rt
1654 3257 1712 3295 cam
1726 3241 1773 3297 ills

1016 3333 1067 3369 reon
1084 3311 1332 3370 coarmunicaudsm.

1017 3430 1073 3508 ige
1086 3445 1191 3500 quoquc
1206 3437 1297 3486 mente
1317 3428 1424 3499 percepi
1445 3428 1492 3501 [st.
1516 3426 1642 3501 precepi]
1664 3428 1774 3486 Groesus

981 3527 1008 3581 in
1022 3541 1070 3581 sue
1082 3525 1263 3580 obstinatione
1276 3537 1428 3586 mansuros,
1442 3537 1493 3578 nec
1504 3521 1546 3578 cui
1561 3522 1634 3579 relut
1650 3523 1772 3587 inspera-

982 3667 1074 3713 contra
1097 3655 1249 3726 pontificem
1273 3655 1424 3711 Romanum
1445 3653 1578 3711 anastasii
1602 3655 1775 3724 imperatoris

982 3728 1121 3793 invidiam,
1137 3728 1165 3781 iu
1179 3727 1274 3796 rorigus
1288 3726 1419 3796 sparserit
1433 3727 1519 3795 ipsum
1533 3725 1703 3781 Anastasium
1721 3726 1774 3785 ini·

982 3806 1144 3866 perstarem,
1159 3812 1246 3867 ncqne
1261 3797 1436 3867 abepiscopo
1451 3797 1526 3851 urbis
1540 3798 1641 3864 llam-r,
1658 3812 1744 3866 neque
1755 3812 1778 3855 e

983 3869 1105 3923 Rourano
1118 3879 1210 3923 senatu
1226 3868 1324 3936 recipi,
1339 3866 1461 3937 adeoque
1476 3869 1663 3934 imperatorem
1678 3877 1780 3926 contre

983 3939 1081 3995 Urbem
1098 3949 1125 3994 ct
1139 3939 1294 4007 episcopum
1308 3938 1494 3993 commoverit.
1520 3937 1559 3993 lle
1581 3936 1661 4005 igitur
1675 3936 1780 3993 lterum.

981 4010 1123 4065 occasione
1139 4010 1256 4062 ltotnana
1272 4009 1389 4063 Ecclesia
1414 4009 1440 4061 in
1463 4008 1606 4060 discrimen
1625 4006 1773 4063 adducere·

982 4091 1035 4143 tur,
1045 4090 1126 4149 atque
1138 4080 1209 4133 inter
1220 4080 1287 4132 disits
1301 4078 1442 4131 lrmrrtieos
1455 4076 1590 4144 principes
1600 4076 1780 4132 Ariastasium.

980 4160 1008 4205 ct
1017 4148 1213 4204 theodoricum
1228 4156 1340 4211 arctata,
1354 4146 1507 4200 durioribus
1519 4145 1650 4213 angustiis
1664 4159 1771 4213 pretae-

981 4229 1066 4286 retur,
1087 4219 1185 4274 Fatrsto
1200 4216 1349 4270 ciliciorum
1364 4216 1501 4284 magistro,
1517 4215 1575 4268 viro
1591 4215 1780 4283 pientissimo,

982 4298 1063 4343 tantae
1078 4288 1156 4343 molis
1178 4288 1313 4351 nogotium
1326 4287 1454 4350 eredidit,
1480 4295 1509 4339 ut
1531 4300 1591 4339 rum
1614 4284 1770 4341 essettbn·

981 4359 1169 4424 arantinopoli,
1194 4358 1299 4425 obiecta
1319 4355 1453 4420 dilueret,
1478 4364 1577 4409 tentata
1599 4354 1778 4423 destrueret,

140 4419 202 4473 cedi
222 4430 340 4487 peterent
360 4429 387 4475 ιι
402 4420 589 4488 impetrarent.
615 4420 671 4476 liae
689 4424 831 4479 occasione
849 4424 929 4481 Gela·
980 4439 1061 4496 atque
1079 4439 1218 4499 sequester
1239 4428 1311 4497 pacis
1330 4430 1465 4491 existens,
1480 4425 1626 4480 orientalis
1641 4425 1779 4482 Ecclesia·

139 4488 199 4542 sius
214 4504 295 4558 papa,
316 4505 387 4544 anno
400 4490 569 4555 pontilicatus
582 4492 624 4544 sui
637 4492 672 4556 2,
688 4494 765 4549 alieri
780 4496 926 4563 legatorum

981 4515 1041 4554 curn
1056 4499 1221 4555 occidentali
1237 4498 1392 4552 conciliator
1406 4496 1560 4552 accederet.
1577 4494 1715 4551 l’rulectus
1728 4505 1772 4553 est

142 4559 243 4612 Fausto
254 4559 404 4641 sollicitarunt
419 4563 547 4642 tnagistro
569 4576 677 4615 causatu
702 4562 772 4618 illam
794 4581 853 4636 qum
866 4581 926 4621 cum
942 4569 1114 4643 Diattstus,
1136 4570 1310 4638 guariterque
1328 4579 1481 4636 susceptum
1498 4566 1632 4635 negotium
1650 4567 1775 4636 peregit·,

140 4630 291 4696 Euploetnto
315 4631 612 4697 Constantinopolitano
639 4632 726 4687 adhuc
753 4635 927 4691 schismatico
979 4640 1026 4695 scil
1043 4639 1300 4704 noncascntcntia,
1325 4648 1353 4693 ut
1375 4649 1435 4692 erat
1461 4637 1486 4691 in
1511 4637 1620 4703 optatis,
1644 4636 1772 4706 absolsit,

139 4699 306 4764 vertebatur,
321 4700 532 4765 comsocndarit,
548 4710 577 4754 ιιι
591 4704 749 4773 aequissimis
763 4706 928 4773 iussionibus
979 4713 1132 4778 refragante
1156 4709 1315 4778 supremis,
1340 4717 1367 4762 ct
1388 4709 1489 4776 majore
1512 4708 1632 4762 rixarum
1652 4708 1771 4768 torrenta

139 4769 269 4824 Ecclesiae
283 4769 411 4825 Romane
424 4771 622 4841 obtemperans,
644 4774 765 4840 ejusdem
779 4778 928 4831 communi-

138 4839 273 4894 cationem
289 4842 418 4895 hactenus
433 4840 530 4896 lrustra
552 4843 699 4910 expetitam
722 4848 850 4912 consequi
873 4862 928 4904 me·

139 4921 256 4965 teretur.
271 4909 354 4979 liujus
366 4912 464 4981 negotii
474 4912 632 4980 expediendi
644 4915 712 4969 ratio
727 4917 868 4971 commissa
887 4926 928 4973 est

139 4979 241 5035 Fausto
260 4995 292 5035 ca
311 4981 346 5035 de
365 4996 461 5044 ιιιιιι,
483 4981 554 5051 quoti
576 4984 741 5050 iltrplaernius
760 4989 925 5057 patriarcba,

140 5050 241 5105 (ielasii
254 5051 375 5120 epistolis
389 5051 493 5107 duabus
506 5051 669 5120 adsueuitus,
689 5071 785 5112 nornen
800 5061 889 5113 Aeacii
912 5075 928 5114 c

140 5120 238 5176 tabulis
252 5121 336 5176 sacris
350 5137 402 5176 non
416 5124 495 5177 modo
509 5138 561 5176 non
574 5131 744 5194 expunxerit,
759 5129 806 5183 sed
818 5139 846 5184 ct
857 5129 928 5200 eius·

139 5190 202 5245 dem
217 5191 376 5246 delendendi
402 5194 578 5260 patrocinium
602 5199 767 5265 susceperit,
795 5208 874 5266 atquo
897 5217 928 5255 ea

139 5276 201 5330 quae
210 5263 297 5317 solent
308 5262 426 5318 lraeretici
439 5273 467 5318 et
477 5263 641 5319 schismatici
655 5279 746 5321 contra
760 5270 850 5324 sedern
864 5286 929 5338 apa-

139 5330 262 5388 stolicarn
270 5331 427 5400 effutirerit;
439 5334 565 5405 quodque
573 5335 694 5402 dcurnm,
703 5337 736 5392 ad
744 5341 929 5397 concitandam

178 5451 186 5480 ¹
202 5451 232 5505 Ιιι
247 5449 324 5516 edit,
341 5451 494 5505 desistinrrts.

177 5521 187 5549 ¹
205 5521 232 5572 Ιιι
246 5520 323 5584 edit„
335 5537 367 5574 cs
381 5520 470 5575 litteris
483 5523 619 5590 siquidem.

177 5589 189 5620 ⁸
204 5591 282 5645 [leuel
296 5594 323 5644 ιιι
337 5591 414 5658 ellit,
427 5593 543 5657 prolatis.

177 5658 187 5690 ⁸
205 5661 232 5713 lo
247 5662 312 5714 edit.
326 5669 409 5726 recto,
422 5661 452 5715 oi
465 5673 576 5729 oetrrrrm,
591 5677 644 5720 etc.

179 5732 189 5763 ¹
204 5733 234 5788 ιιι
248 5730 326 5800 etit,
339 5740 465 5804 ιιιιιιιιιιι,
478 5742 506 5790 et
519 5736 586 5792 itrlra
599 5744 783 5807 carperlorttct.

981 4783 1121 4837 miscente.
1146 4781 1195 4849 eri
1217 4790 1243 4842 et
1259 4780 1291 4833 dc
1305 4778 1429 4831 omnibus
1444 4793 1503 4848 qum
1516 4793 1576 4832 curn
1598 4777 1657 4846 ipso
1684 4786 1772 4834 tratis·

981 4862 1040 4905 acta
1054 4861 1146 4913 crant,
1161 4851 1231 4906 datis
1246 4848 1280 4903 ad
1292 4848 1428 4905 Gelasium
1444 4848 1540 4902 litteris
1550 4863 1612 4902 cum
1627 4848 1773 4907 certiorem

982 4923 1107 4977 reddidit.
1123 4922 1225 4986 Quibus
1239 4920 1356 4984 acceptis
1371 4918 1494 4974 Gelasius
1507 4917 1541 4972 ad
1555 4932 1618 4973 eum
1634 4919 1772 4989 rescripsit

982 4993 1051 5047 ιιιιιι
1064 4991 1260 5058 delensionetu,
1273 5007 1323 5058 qua
1336 4989 1552 5045 adversariorum
1569 4989 1717 5044 calumnias
1728 5005 1774 5046 re-

983 5064 1078 5118 iellere
1099 5072 1198 5132 posset.
1226 5061 1301 5117 Unde
1323 5077 1376 5114 non
1398 5060 1534 5116 immerite
1553 5061 1773 5115 comnionitoriautt

983 5144 1161 5201 nistreupatur,
1184 5148 1245 5189 curu
1268 5147 1299 5186 eo
1324 5131 1382 5201 ipso
1405 5147 1420 5186 a
1444 5131 1569 5200 pontilice
1583 5130 1771 5193 admoncatur,

982 5220 1098 5273 quonam
1114 5203 1193 5259 modo
1206 5201 1424 5258 calumniantium
1440 5201 1613 5272 petulantiam
1629 5199 1717 5253 valide
1731 5214 1771 5251 re·

984 5275 1097 5329 corridere
1108 5284 1196 5343 queat.
1216 5274 1278 5328 llaec
1292 5287 1323 5327 ιι
1340 5272 1454 5328 Barorriu
1469 5286 1540 5328 atino
1553 5270 1616 5337 tub,
1629 5285 1702 5324 nunt.
1714 5267 1732 5322 5
1745 5274 1771 5322 et

984 5347 1167 5414 sequentibus.
1188 5345 1252 5400 Ser.
1270 5344 1369 5397 Brutus.

1019 5459 1029 5489 ⁶
1045 5459 1124 5512 Deest
1139 5458 1165 5511 iu
1180 5456 1245 5511 cdii.
1257 5456 1393 5526 contiqrtt's.

1018 5529 1028 5559 ι
1048 5530 1116 5581 Sunt
1133 5527 1177 5596 qui
1200 5527 1305 5582 Festum
1324 5527 1413 5580 dicant
1428 5525 1477 5594 legi
1493 5533 1616 5590 oportere
1632 5533 1640 5572 a
1659 5529 1710 5570 rrrc
1724 5516 1767 5580 sui

984 5598 1091 5651 Gelasio
1106 5613 1174 5665 papa
1191 5597 1261 5650 ιιιιιιι
1278 5596 1392 5666 legatum
1415 5597 1495 5648 luisse
1514 5587 1767 5668 Cttnstantinopolirr

983 5684 997 5719 a
1012 5667 1179 5722 'l'ltcotlurico
1194 5683 1266 5739 rege,
1280 5668 1327 5726 sed
1340 5667 1390 5723 sub
1400 5662 1541 5720 Anastasio
1556 5657 1652 5714 Gelam
1666 5672 1761 5713 sttt'cts

983 5751 1053 5794 sure.
1070 5737 1203 5797 lltnbutn.
