3816 6120
101 243 139 297 ts
705 227 880 287 aristote
901 226 943 282 Ei
962 228 1131 286 occulito.
1694 229 1731 289 ib

98 368 194 426 gutum,
209 363 381 407 successores
391 362 483 402 corani
496 350 504 377 ¹
519 343 698 411 Timotlteuni,
722 343 827 399 Petrum
849 351 891 397 et·
907 344 929 401 Α
945 342 1006 398 dam
1018 345 1058 397 rel
1081 343 1266 406 insurrexerit,
1281 342 1322 397 rel
1341 343 1441 397 nitatur
1456 341 1594 410 insurgere
1613 352 1730 399 tertiata·

98 443 278 515 qraealiertrm
298 439 494 496 Antiochenam
516 438 635 501 Petrum,
648 452 700 491 non
717 436 814 492 viritim
830 450 891 505 pro·
945 444 1009 500 tent,
1028 442 1211 503 appetenter
1233 443 1260 488 et
1282 433 1399 502 legitime
1418 432 1596 502 perquiratur.
1620 431 1654 486 Et
1677 432 1732 488 illic

101 542 165 603 pter
177 532 301 602 singulos
314 544 434 604 quosque
453 543 546 584 rursus
563 527 633 583 lacto
644 527 769 592 concilio,
784 527 831 581 sed
846 541 891 596 sy·
944 525 1082 593 apparebit
1101 524 1161 595 quis
1179 522 1301 578 modesto
1313 524 1451 593 proposito
1463 521 1597 577 cristodiat
1615 520 1729 578 iorntam

100 624 166 679 rtodi
187 624 272 678 sentei
286 624 297 654 ¹
309 631 370 677 aeta
389 619 479 692 regala
494 626 688 689 consequenter
707 617 779 673 elisi.
793 617 892 683 Quem·
944 616 1167 685 traditionemque
1180 615 1327 686 majurum,
1344 615 1402 683 quis
1415 629 1495 683 supra
1510 614 1568 670 bac
1578 615 1730 671 irreveren-

101 713 252 771 admodnm
263 727 327 784 ergo
342 729 394 766 non
409 710 547 767 evidenter
558 718 667 781 apparet
681 709 761 765 eiiam
782 717 892 765 cunctos
944 715 984 761 ier
997 706 1127 771 insiliens,
1146 706 1237 775 rapina
1252 706 1381 776 aqualem
1397 720 1476 776 posse
1496 707 1552 761 lieri
1573 707 1729 764 arbitretur.

98 804 184 859 simili
201 814 293 859 tenore
305 803 461 873 constringi,
476 801 558 872 etqui
572 814 664 857 eorum
680 802 892 855 communicato·
942 797 1018 863 οισι
1032 799 1054 852 si
1068 797 1132 852 mibi
1144 796 1234 867 populi
1243 796 1529 864 constantinopolitani
1544 811 1731 868 personapro·

99 910 149 952 res
161 906 191 951 ci
202 894 346 965 eotrtplices
361 894 531 958 exstiterunt,
551 900 632 961 atque
647 906 741 947 timaee
754 888 892 945 otuninoa
943 889 1060 957 ponitur,
1079 902 1221 960 perquam
1241 889 1345 943 dicatur
1370 901 1468 942 nomen
1489 887 1619 954 scandali,
1643 887 1731 945 idest

100 987 237 1043 eatboiiea
254 995 334 1057 atque
354 985 502 1055 apostolica
524 984 620 1039 rrreriio
633 983 821 1038 communione
838 981 893 1038 dis·
942 980 1045 1049 Aeacii,
1061 995 1114 1036 non
1130 995 1210 1051 posse
1220 981 1369 1047 rentoreri;
1384 991 1469 1046 taceo,
1483 981 1544 1050 quia
1556 990 1584 1037 et
1602 980 1730 1038 heretico

98 1079 181 1134 cerni
195 1095 203 1131 :
218 1077 415 1132 biocdcocinnt
433 1089 538 1146 quoqne
552 1074 615 1145 jure
628 1074 742 1129 dicimus
762 1089 778 1129 a
799 1083 893 1131 nostro
941 1074 1075 1147 quondam
1091 1073 1246 1128 llacedonio
1262 1072 1348 1143 pulso,
1360 1083 1388 1129 et
1400 1074 1523 1130 Nestorio
1534 1089 1621 1145 nuper
1631 1073 1728 1144 ejecto,

97 1168 242 1223 consortio
252 1166 475 1231 submovendum,
489 1167 534 1236 qni
545 1166 638 1221 maluit
650 1165 676 1220 in
689 1175 790 1221 sortem
805 1175 891 1221 nans·
941 1166 1017 1238 plebs
1030 1163 1326 1235 Constantinopolitana
1340 1164 1471 1222 catboiica
1486 1180 1643 1236 permanere
1655 1167 1730 1223 dele·

98 1261 146 1314 ire
166 1258 299 1329 perfidie,
325 1272 404 1328 quam
426 1259 452 1311 iu
475 1257 615 1312 cailtolicae
640 1264 720 1327 atque
738 1244 894 1326 apostolicae
941 1259 1008 1332 gerit
1023 1258 1110 1328 potins
1127 1271 1206 1328 quam
1229 1256 1359 1325 majomm
1380 1258 1521 1325 praesulum
1540 1258 1728 1313 damnatorum

97 1350 302 1405 communionis
318 1349 472 1407 sinceritate
491 1358 628 1415 constare,
646 1347 732 1404 'cum
743 1338 826 1404 iere*
844 1363 892 1418 per
941 1349 1083 1407 allectione
1095 1348 1217 1405 retineri.
1231 1347 1330 1412 Taceo,
1344 1347 1414 1416 qnod
1433 1346 1478 1416 qui
1500 1346 1534 1402 ab
1547 1347 1648 1403 eisdem
1664 1348 1730 1416 ipsis

98 1443 261 1508 trienninm,
277 1457 312 1497 ae
327 1441 353 1496 in
369 1442 394 1495 id
407 1440 522 1504 reniret,
541 1440 695 1511 apostolica
709 1440 781 1496 sedis
793 1442 891 1510 episto·
941 1441 1074 1498 damnatis
1085 1439 1251 1509 praesulibus,
1266 1438 1388 1509 baptisati
1402 1437 1517 1503 inerant,
1529 1438 1556 1494 in
1571 1439 1623 1494 llde
1635 1443 1729 1495 carbo-

98 1536 136 1589 lis
149 1536 279 1589 doccatur
294 1541 477 1601 competenter
495 1531 813 1602 instructus-Postquam
828 1547 892 1588 tero
942 1534 992 1588 lica
1007 1540 1155 1594 manentes,
1170 1530 1242 1584 nulla
1254 1529 1308 1584 siut
1318 1531 1497 1598 exagitatione
1511 1531 1618 1584 turbati.
1630 1530 1728 1595 Taceo,

99 1623 301 1679 eomrnunionis
313 1634 355 1678 cst
369 1626 453 1677 iactura
466 1622 572 1688 alierum,
586 1637 638 1678 non
655 1625 739 1690 potnit
756 1623 807 1679 triti
820 1639 833 1678 a
846 1639 892 1682 ca·
943 1623 1013 1695 quod
1040 1639 1088 1693 pro
1108 1622 1188 1677 rebus
1213 1621 1324 1677 ludicris
1342 1620 1483 1691 popularet
1508 1622 1637 1676 tuntultua
1659 1635 1731 1677 rrurtc

99 1712 213 1767 ibelice
222 1722 250 1767 et
263 1712 416 1782 apostolice
427 1726 488 1766 mot
500 1713 627 1768 societate
641 1711 653 1743 ¹
667 1714 785 1783 praecidi,
798 1728 833 1770 ne
844 1728 891 1785 per
906 1704 929 1763 B
942 1715 1127 1770 etiarnrcstra
1136 1714 1241 1783 pietatis
1251 1716 1395 1770 auctoritas
1408 1713 1563 1779 refrenarii3
1577 1724 1657 1782 aitque
1668 1714 1730 1771 iden

99 1817 180 1871 enm,
191 1804 213 1856 si
228 1802 270 1858 rel
283 1801 417 1871 paululum
439 1815 618 1868 cessaremus,
639 1817 689 1858 nos
702 1819 808 1874 quoqne
820 1806 893 1861 tide·
944 1807 1027 1862 mrtlto
1041 1807 1124 1877 magis
1138 1821 1186 1876 pro
1200 1805 1285 1861 sainte
1298 1804 1445 1861 animarum
1457 1822 1565 1860 suarum
1576 1808 1729 1862 necessario

100 1909 199 1950 rezntrr
212 1892 325 1948 subiisse
334 1892 455 1964 contagia
475 1892 650 1963 perfidorum.
666 1893 719 1951 Sed
742 1909 835 1951 revera
849 1898 893 1953 tel
943 1900 1020 1956 rubis
1032 1898 1334 1967 morsiuntinopotttaue
1352 1897 1468 1953 civitatis
1481 1897 1648 1967 obtemperat
1663 1899 1730 1953 mul·

99 1987 153 2040 tali
167 1985 304 2055 perculsus
318 1998 397 2053 pecua
415 1983 537 2054 resipuit,
549 1985 746 2041 correctionem
761 1987 893 2054 promisit,
945 1988 1040 2054 titudo,
1055 1990 1077 2045 si
1093 2002 1151 2045 eant
1164 1988 1197 2042 ad
1208 1988 1365 2043 catholicam
1381 1998 1409 2043 et
1419 1989 1594 2057 apostolicam
1609 2004 1731 2044 eommu-

100 2076 260 2132 eruendarit
271 2077 409 2132 errorem?
422 2084 468 2130 aut
484 2076 663 2133 illetractatus
675 2078 761 2134 lenius
775 2079 895 2134 voluerat
944 2081 1051 2136 utonem
1065 2094 1112 2135 ros
1131 2080 1264 2150 principes
1282 2080 1425 2136 reducatis.
1446 2080 1562 2143 Etenim,
1587 2080 1731 2151 imperator

100 2171 156 2244 [el.
180 2170 307 2243 valuerat]
322 2173 451 2237 coerceri,
469 2171 514 2241 qni
529 2170 610 2225 etiam
625 2170 736 2227 terlrcra
751 2172 818 2227 dura
840 2186 893 2227 noe
945 2175 1071 2242 Augtiste,
1087 2173 1110 2227 si
1123 2181 1216 2227 contra
1232 2173 1305 2242 leges
1315 2172 1433 2242 publicas
1446 2172 1545 2239 aliquid
1557 2173 1638 2243 (qnod
1649 2173 1731 2245 absit)

101 2261 209 2318 sensit?
220 2262 279 2330 Quo
300 2262 328 2317 in
342 2275 390 2318 soa
408 2261 517 2332 pertidia
531 2272 558 2318 et
573 2263 746 2320 damnatione
762 2265 894 2322 moriente
943 2266 1075 2336 quispiam
1090 2263 1204 2321 tortasse
1219 2272 1342 2330 tentaret,
1363 2265 1434 2320 untia
1450 2266 1503 2335 pati
1521 2265 1547 2320 id
1567 2267 1669 2321 ratione
1682 2281 1731 2336 po·

102 2352 154 2424 [nt.
166 2349 660 2424 manente],tantejusinecclesiastica
673 2355 830 2412 recitatione
840 2371 893 2412 non
945 2357 1041 2413 inisset
1054 2374 1061 2411 ε
1074 2358 1107 2411 ad
1125 2356 1276 2414 Divinitatis
1291 2371 1383 2427 pamm
1402 2358 1588 2427 sinceramque
1605 2357 1730 2414 deuotio·

103 2453 198 2513 potest
213 2458 309 2499 nornen
328 2445 437 2512 ascribi,
448 2460 527 2514 qnam
540 2455 659 2502 esterna
673 2449 825 2519 contagium
840 2462 892 2503 non
945 2463 1016 2510 nem,
1031 2457 1061 2502 ιι
1069 2446 1115 2502 tibi
1132 2447 1322 2517 plebssulrdita
1337 2447 1481 2518 redigatur,
1497 2448 1668 2503 conscientiae
1679 2458 1731 2503 tute

103 2535 189 2592 debet
200 2536 448 2593 communicationis
468 2537 583 2594 admitti.
598 2538 766 2611 Quapropter
783 2551 829 2596 ant
843 2540 893 2598 do-
945 2556 998 2595 non
1011 2549 1089 2611 putas
1103 2540 1252 2597 interesset
1265 2541 1412 2608 Postremo,
1428 2540 1451 2597 si
1466 2540 1543 2595 euim
1555 2540 1669 2596 civitatis
1685 2555 1731 2611 po·

102 2639 204 2683 ceatur
217 2629 252 2685 alt
270 2629 394 2686 ltaeretica
411 2629 617 2700 participatione
635 2631 764 2699 sincerus,
781 2647 893 2702 quornm
945 2633 999 2704 puli
1013 2634 1118 2690 animus
1133 2648 1185 2690 non
1208 2643 1315 2704 putatur
1332 2633 1442 2700 uisendi,
1463 2649 1498 2689 ne
1518 2632 1606 2688 drina
1621 2632 1667 2705 (ιι
1688 2648 1732 2689 res

103 2736 139 2778 sc
149 2720 196 2777 ille
208 2721 387 2777 communioni
399 2722 563 2791 permiscuit,
578 2731 624 2777 ant
637 2735 698 2778 cunr
717 2724 817 2779 eisdem
840 2738 894 2780 non
945 2727 1073 2797 postolat)
1084 2728 1265 2797 corrigantur:
1281 2735 1382 2798 quanto
1393 2725 1486 2796 magis,
1497 2741 1532 2783 ne
1545 2727 1634 2781 divina
1645 2725 1731 2782 oileri-

105 2821 262 2884 potestnon
277 2812 381 2882 repelli.
395 2814 526 2870 Sinerem
541 2822 680 2868 susurrant
698 2814 816 2871 Orientis
836 2816 895 2887 epi·
945 2820 1052 2884 duntur,
1068 2819 1191 2875 catholici
1213 2818 1328 2874 nominis
1343 2818 1474 2874 urritersis
1494 2819 1562 2887 piam
1582 2817 1663 2873 lldem
1682 2832 1732 2874 nee

104 2904 195 2974 scopi,
211 2903 281 2972 quod
295 2904 328 2959 ad
340 2918 386 2959 eos
397 2904 476 2960 sedes
488 2905 633 2974 apostoliea
648 2919 701 2960 non
715 2906 764 2961 ista
779 2909 894 2963 conscri-
947 2912 1044 2967 iadere
1063 2911 1190 2967 debemus
1209 2912 1328 2976 omnino,
1345 2924 1395 2964 nee
1416 2908 1575 2979 possumus?
1595 2909 1628 2964 Et
1642 2917 1732 2963 tamen

105 2998 206 3069 pserit,
218 2997 291 3063 qnasi
311 2997 353 3052 rel
376 2997 427 3066 ipsi
445 2997 480 3051 de
500 2996 655 3066 recipiendo
676 2997 792 3067 legitime
816 2998 895 3055 Petro
947 3004 1026 3059 iidem
1043 3013 1131 3058 nostra
1142 3019 1172 3057 se
1186 3011 1298 3071 poscent
1312 3001 1448 3056 voluntate
1459 3000 1559 3056 sanari.
1573 3000 1733 3066 Competeu-

106 3092 201 3146 sedem
219 3090 393 3161 apostolicam
413 3092 470 3145 suis
496 3090 592 3146 litteris
613 3090 724 3146 iecerint
741 3093 893 3157 certiorem,
908 3068 931 3131 C
948 3097 1017 3151 tibus
1030 3109 1094 3164 crgo
1107 3095 1197 3149 sinaut
1209 3093 1297 3148 curari
1315 3107 1345 3147 sc
1368 3106 1447 3161 posse
1465 3090 1613 3146 remediis:
1632 3087 1732 3159 alioqui

106 3183 152 3238 rei
162 3182 244 3252 ltajos
252 3182 414 3253 receptionis
424 3182 566 3238 incondite
577 3195 631 3237 non
642 3182 697 3252 jam
709 3183 808 3252 pariter
820 3198 895 3238 com·
947 3188 1027 3259 (qnod
1045 3186 1124 3257 absit)
1144 3186 1171 3241 in
1194 3200 1288 3241 eorum
1308 3183 1472 3239 transeundo
1493 3181 1648 3252 perniciem,
1670 3195 1732 3236 cum

107 3273 195 3344 plicet
207 3274 383 3341 exstitissent,
397 3289 477 3345 quem
491 3274 561 3330 sicut
573 3289 637 3332 rere
649 3290 702 3330 uon
723 3285 832 3345 possunt
848 3278 896 3331 do·
947 3280 999 3334 iliis
1013 3281 1100 3348 perire
1111 3278 1266 3347 possumus,
1289 3277 1363 3345 ipsos
1377 3291 1442 3332 nero
1456 3276 1561 3332 salome
1573 3290 1627 3330 non
1641 3288 1733 3345 posso-

108 3378 176 3420 cere
189 3363 362 3420 diaeretica
381 3366 510 3435 pravitate
532 3366 614 3421 luisse
634 3375 784 3436 purgatum,
809 3367 844 3422 ita
866 3381 897 3423 se
947 3385 1017 3425 mus.
1030 3370 1088 3424 lam
1106 3368 1149 3424 bic
1164 3366 1228 3438 quid
1243 3368 1278 3422 sit
1291 3367 1374 3436 tnagis
1387 3365 1561 3435 sequendum,
1581 3365 1733 3420 subditiuo

108 3454 298 3511 lraareiicorum
311 3457 597 3527 nullatenuspoternut
607 3470 736 3512 excusare
746 3467 894 3513 consortes.
944 3463 1045 3533 judicio
1060 3470 1156 3518 restra
1167 3460 1340 3517 conscientiae
1355 3459 1532 3530 derelinquo:
1550 3474 1649 3525 urum,
1664 3457 1733 3513 sicut

108 3545 213 3615 'Quod
229 3547 252 3603 si
266 3546 387 3604 loriassis
401 3548 575 3614 astruxerint,
589 3551 659 3619 quod
676 3548 896 3619 adapostolicam
947 3569 997 3609 nos
1009 3563 1142 3623 optamus,
1158 3551 1236 3607 simul
1252 3566 1346 3608 omnes
1363 3559 1463 3605 certam
1483 3550 1623 3605 redeamus
1640 3549 1673 3604 ad
1692 3549 1734 3605 ri·

108 3641 204 3698 sedem
216 3639 250 3697 de
263 3640 434 3711 susceptione
448 3641 520 3696 Petri
535 3656 583 3712 per
595 3641 722 3697 Acacium
735 3643 821 3697 concii
837 3655 898 3695 con·
948 3656 1017 3711 mm;
1032 3660 1076 3711 an,
1091 3644 1160 3698 sient
1175 3644 1211 3698 iili
1226 3653 1347 3711 poscunt,
1364 3641 1531 3697 martitestarn
1544 3640 1686 3695 tendamus
1699 3638 1734 3694 ad

110 3747 180 3789 sona
194 3731 205 3764 ⁸
217 3747 283 3790 roee
303 3733 454 3799 retulerint,
478 3749 525 3804 per
539 3733 662 3790 eumdem
681 3733 788 3789 sibimet
803 3747 898 3789 omttes
948 3747 1073 3793 mortem:
1088 3735 1141 3792 Sed
1155 3733 1241 3790 adbuc
1252 3733 1425 3804 apostolicam
1440 3733 1545 3796 sedem,
1560 3729 1610 3786 sibi
1625 3728 1735 3785 uredici-

110 3825 170 3896 pari
182 3838 248 3881 roco
263 3826 384 3882 sentiunt
398 3824 480 3880 inisse
495 3824 663 3895 rescriptum.
679 3824 839 3894 apostolieae
850 3824 896 3898 [el.
949 3829 1018 3884 nalia
1033 3835 1230 3898 suggerentem,
1241 3825 1384 3895 superbam
1395 3838 1492 3879 vocare
1510 3832 1735 3892 arrogantemque

109 3919 172 3972 rice
183 3915 313 3987 primatus
322 3916 396 3972 sedit
405 3913 570 3988 apostolica]
582 3931 646 3971 tero
660 3917 732 3971 sedis
742 3917 897 3987 auctoritas,
948 3919 1123 3976 contendunt,
1142 3917 1226 3973 ilabet
1247 3917 1297 3972 boc
1314 3915 1428 3987 qualitas
1445 3930 1516 3983 sape
1541 3913 1733 3983 languentium,

110 4009 182 4079 qnod
196 4008 300 4064 canetis
314 4009 419 4064 secutis
429 4007 588 4065 Christianis
603 4007 731 4063 Ecclesiae
747 4008 853 4076 pretato
864 4008 900 4064 sit
949 4022 977 4065 nt
989 4017 1115 4066 accnsent
1133 4008 1216 4079 magis
1229 4007 1348 4063 medicos
1357 4006 1483 4076 congruis
1503 4001 1736 4059 oberraiiouibns

111 4101 256 4168 uuirerrae,
273 4107 302 4155 et
317 4113 451 4154 canounm
473 4099 543 4154 serie
561 4107 743 4168 paternorum,
763 4106 791 4154 et
810 4099 900 4153 multi·
948 4103 982 4156 ad
997 4100 1112 4156 salubria
1126 4106 1294 4166 reuocantes,
1306 4110 1385 4167 quam
1399 4105 1431 4149 ut
1443 4094 1494 4163 ipsi
1508 4107 1571 4148 suos
1585 4092 1679 4146 rroxios
1689 4105 1736 4159 ap-

110 4190 175 4261 plici
193 4190 340 4247 traditione
354 4189 486 4246 iirmatnr.
503 4190 556 4247 Sed
571 4192 613 4247 rel
630 4190 701 4255 irinc,
718 4191 729 4224 ¹
743 4199 831 4246 anum
848 4193 898 4247 sibi
949 4191 1046 4262 petitus
1063 4191 1198 4258 deponere
1211 4187 1253 4243 rel
1274 4185 1419 4253 reprobare
1437 4183 1616 4238 consentiant.
1638 4181 1665 4237 Si
1686 4195 1736 4236 nos

111 4280 253 4351 quisquam
266 4289 360 4337 eontra
373 4280 489 4336 ttieenae
501 4282 594 4353 synodi
608 4281 751 4337 constituta
764 4281 898 4353 quippiam
949 4282 1057 4354 superbi
1071 4295 1174 4347 snmus,
1186 4280 1198 4312 ⁸
1210 4278 1271 4347 qaia
1282 4278 1432 4332 animarum
1446 4273 1562 4330 remedia
1578 4275 1737 4328 eortrenicn·
1758 4329 1768 4338 ,

110 4373 202 4428 ualeat
217 4387 357 4442 usurpare,
376 4373 489 4444 collegio
508 4382 595 4444 potest
611 4374 690 4429 unius
703 4375 900 4431 communionis
951 4379 986 4432 tie
1008 4375 1201 4437 urinistramns,
1215 4369 1279 4441 quid
1302 4365 1414 4424 recondi
1437 4374 1499 4421 sunt
1517 4366 1562 4435 qui
1586 4364 1738 4419 resultanti

111 4461 232 4532 ostendi,
253 4477 306 4518 non
330 4464 465 4518 trientibus
485 4472 607 4520 externae
627 4466 764 4520 societatis
788 4466 898 4535 aperiri.
952 4470 981 4527 Si
996 4483 1045 4524 nos
1057 4466 1164 4537 superbi
1175 4478 1278 4527 sumtis,
1289 4461 1335 4531 qui
1350 4457 1526 4516 obediendum
1541 4457 1658 4527 patentia
1668 4455 1738 4510 dici·

111 4551 193 4621 Apud
204 4551 264 4608 1¹¹oe
278 4553 301 4608 δί
313 4554 374 4624 liiii!
387 4553 504 4617 emindii,
522 4553 675 4624 ‘ireditlur
691 4556 718 4610 iit
733 4556 861 4625 medium,
872 4566 901 4611 ct
953 4577 1012 4617 mus
1026 4558 1169 4621 institutis;
1183 4556 1228 4626 qui
1248 4554 1426 4624 refragantur,
1440 4565 1494 4620 qno
1509 4547 1659 4619 appellandi
1677 4556 1738 4602 suot

111 4644 287 4714 apostolicam
299 4644 393 4700 sedern
406 4645 564 4715 deutraque
583 4654 658 4716 parte
675 4649 795 4702 retincat
808 4657 835 4704 et
852 4648 901 4703 in-
955 4651 1079 4708 nominet
1094 4649 1180 4706 Sinos
1190 4647 1253 4702 eluti
1266 4659 1367 4709 sumus,
1379 4641 1423 4711 qui
1433 4641 1552 4696 ditinum
1562 4640 1662 4694 cultum
1672 4654 1740 4708 puro

111 4743 209 4789 struat.
221 4733 343 4790 Tollainr
357 4749 423 4803 ergo
437 4750 534 4791 nornen
547 4751 564 4792 e
578 4736 677 4803 medio,
690 4739 761 4807 qnod
775 4739 901 4794 eeclesia·
956 4752 1035 4811 atque
1048 4738 1150 4794 illibato
1160 4735 1281 4805 capimus
1292 4743 1385 4788 tenore
1401 4729 1517 4794 serrari;
1533 4730 1578 4800 qui
1590 4736 1683 4783 eontra
1696 4729 1740 4783 bi·

111 4840 173 4880 ruta
189 4824 380 4881 discretionem
404 4828 495 4896 procui
522 4843 537 4882 a
561 4828 692 4885 catholica
712 4831 903 4887 communione
953 4833 1090 4889 riuitatem
1109 4841 1216 4897 quoqne
1234 4825 1365 4886 sentiunt,
1384 4821 1484 4887 dicant,
1501 4819 1616 4889 qualiter
1638 4833 1740 4873 nuncu·

111 4927 252 4986 operator,
266 4925 295 4971 ιι
304 4917 411 4973 sincera
424 4933 473 4985 par
488 4918 550 4974 ildei
567 4922 816 4992 communionisque
826 4937 903 4992 repe·
953 4920 1066 4993 perituri
1080 4920 1125 4974 Sic
1137 4926 1165 4972 et
1180 4930 1231 4971 nos
1245 4913 1346 4976 ceteri,
1366 4912 1412 4981 qui
1431 4911 1457 4965 in
1471 4924 1564 4965 errore
1583 4919 1655 4975 sunt,
1670 4909 1741 4963 asii-

110 5016 187 5064 retur
196 5017 226 5065 et
235 5007 379 5064 unitaszet
389 5020 452 5064 tuuc
462 5008 521 5080 quis
531 5020 652 5066 nostrum
663 5025 756 5069 contra
769 5028 902 5070 ueneran-
954 5018 1038 5081 mani,
1059 5008 1129 5080 quod
1147 5020 1239 5063 eorum
1261 5020 1314 5059 uon
1331 5002 1530 5059 consentiamus
1549 5001 1669 5056 insanire.
1690 4999 1741 5055 Ubi

148 5167 164 5197 ¹
180 5158 263 5226 liujus
276 5160 382 5215 triennii
396 5160 499 5215 initium
517 5160 686 5218 referendum
701 5171 743 5220 est
756 5165 789 5218 ad
806 5163 839 5218 t5
853 5178 898 5219 an·
954 5170 1027 5230 patet
1040 5173 1121 5230 supra
1140 5159 1167 5213 ln
1183 5156 1253 5213 notis
1268 5153 1440 5226 epistolarum
1460 5149 1591 5221 Simplicii
1610 5148 1643 5206 ¹5
1656 5157 1683 5206 et
1697 5148 1741 5205 li.

110 5244 179 5287 narn
197 5230 338 5300 siuptieii,
356 5246 411 5301 quo
430 5231 543 5287 Aeacius
557 5232 684 5288 delictum
708 5233 851 5300 commisit,
870 5241 900 5289 nt
953 5234 1017 5290 Ser.
1034 5230 1133 5287 Brutus.

149 5364 158 5394 ¹
178 5360 215 5416 id.
227 5360 299 5429 eod,
316 5359 474 5430 Timetltcnr,
484 5361 587 5432 Petrus,
597 5367 747 5436 etqueaitcr
760 5366 899 5420 Antieclre·
990 5364 1001 5394 ⁸
1015 5365 1092 5418 buno
1103 5362 1166 5418 titt.
1301 5430 1306 5438 Ι

109 5448 163 5486 nna
176 5430 278 5486 Petrus.
991 5435 1077 5488 ¹sord.
1095 5433 1205 5496 Veron,
1223 5430 1274 5496 Qut
1284 5446 1317 5484 ar.

148 5504 161 5533 ¹
176 5500 204 5555 ld
217 5502 289 5564 cod„
301 5509 367 5556 ectoe
380 5502 468 5573 requie
478 5514 657 5573 consequenter
668 5506 733 5561 eiiii.
991 5504 1002 5533 ¹
1018 5503 1045 5555 ld
1065 5501 1137 5571 eod„
1152 5502 1290 5555 noturuete.

148 5570 160 5601 ⁸
174 5571 254 5626 Anno
267 5573 331 5634 its,
344 5573 406 5637 illl,
419 5572 481 5627 480.
497 5576 583 5630 bliurn
596 5575 654 5633 iniit
668 5575 800 5633 calculum
822 5574 903 5631 Lite·
992 5574 1001 5602 ¹
1020 5573 1056 5624 td.
1071 5571 1143 5634 cod..
1157 5574 1196 5624 vii
1210 5580 1304 5624 etrum.

111 5646 195 5691 ratus
206 5652 265 5709 cap.
278 5643 322 5697 ts.
337 5640 465 5697 ilanniitn.
993 5644 1003 5673 ¹
1017 5641 1057 5700 id.
1069 5641 1141 5709 cod„
1157 5642 1201 5710 qni
1216 5642 1371 5694 animorum.
