3816 6120
68 246 126 305 ost

768 245 985 303 uttutttuusts.

1651 250 1701 306 1151

68 360 123 419 566
162 359 235 415 lianc
247 357 312 429 luqit
328 358 443 413 exclusis
457 356 582 428 AEqyptia
597 357 672 426 plaga
684 357 806 426 flagellis,
875 364 900 421 Α
1003 360 1090 415 Prima
1107 361 1357 433 tides,uostrisque
1374 369 1449 432 pater
1465 364 1624 434 promiserat
1637 366 1701 421 olim

162 451 224 506 ilaec
237 451 307 519 regis
322 450 409 504 Plrsrii
423 463 532 518 regnum
545 446 627 502 letale
642 447 762 511 resoluit,

162 545 252 613 Deque
267 541 408 612 potestatis
422 543 563 595 nnmdauae
578 541 707 609 grandine
720 539 802 596 densa

161 636 247 704 Eripit
260 634 396 690 Abrabam
412 648 471 687 cum
487 633 582 701 stirpe,
595 641 623 688 et
635 643 714 703 geute
728 632 810 688 lideli.

160 725 276 782 Abrshre
290 740 374 795 gertus
389 735 430 780 est
443 740 536 778 uerum
552 741 558 777 :
573 724 616 779 cui
631 725 738 793 sanguis
755 729 781 778 iu
796 738 843 780 ore

70 819 125 876 565
161 816 391 889 6366666116,
407 816 605 885 inscriptusque
617 815 694 870 rubet
708 833 714 868 :
730 816 772 868 eni
787 815 860 869 risus

695 905 732 977 [in
748 905 823 971 6666,

160 999 236 1056 llaud
250 998 388 1055 dubitante
402 998 473 1065 nde,
488 996 560 1052 Deus
572 1005 630 1063 est,
651 997 720 1050 tteus
733 1010 767 1050 66
783 995 861 1050 6666

723 1087 823 1156 [66666.

161 1182 209 1239 1116
223 1182 308 1236 Deum
323 1180 398 1245 sidit,
417 1183 502 1236 risum
515 1194 576 1236 mox
591 1178 703 1234 credidit
715 1194 722 1232 :
735 1187 763 1231 at
777 1188 806 1232 tu

160 1274 306 1328 Posteritas
320 1272 419 1336 carnis,
433 1271 576 1326 carnaliter
590 1269 678 1323 omnia
694 1269 816 1333 credens,

160 1363 639 1433 (1666166666666166666616,66616
652 1359 860 1430 spiritusimplct
921 1400 925 1409 .

69 1456 125 1512 576
162 1456 275 1509 interior
288 1471 295 1509 :
308 1468 357 1509 nec
371 1454 442 1509 enim
453 1453 575 1509 6616166
589 1467 686 1507 caruca
700 1452 786 1519 ttusu,

160 1546 245 1611 Qunam
257 1552 286 1598 tu
300 1559 381 1599 carue
394 1544 461 1599 colis
474 1562 480 1595 ι
495 1545 541 1599 sed
557 1543 663 1599 Christo
678 1543 740 1607 1616,
756 1556 858 1597 meam·

761 1632 824 1704 [que

913 452 965 509 575
1002 452 1700 524 Perspicicudumcerulis,etleqisroceprubaudumr

965 587 969 596 .
1001 541 1150 598 Necsolum
1164 544 1230 615 legis
1242 561 1248 597 :
1260 559 1321 599 uam
1332 560 1392 613 quae
1403 545 1458 614 jam
1469 544 1555 600 littera
1565 546 1706 603 ctutsruur

1000 631 1058 687 Non
1081 633 1171 698 habet,
1195 644 1240 688 aut
1256 649 1315 704 qurc
1332 651 1385 689 666
1407 636 1565 704 scriptorum
1586 636 1701 693 aruraria

1555 726 1664 801 [curisti

1000 813 1091 870 Laride
1105 814 1213 879 reierta,
1231 815 1306 870 nouis
1316 817 1453 872 celebrant
1466 819 1591 873 miracula
1605 818 1700 873 librisl

1001 907 1129 964 liebraeus
1143 910 1233 978 pangit
1247 909 1342 979 stylus,
1355 911 1441 963 dttica
1456 910 1532 978 copia
1547 911 1649 980 pangit,

912 1000 964 1055 586
1000 999 1094 1068 Panglt
1108 1010 1132 1055 et
1149 1001 1275 1056 Ausoniae
1288 1001 1411 1057 facundia
1427 1003 1504 1058 tertia
1519 1003 1625 1072 linquae.

999 1095 1079 1166 637
1092 1096 1191 1152 Pilatus
1202 1099 1278 1167 jubet
1290 1099 1430 1167 ignorans:
1442 1101 1463 1165 1,
1474 1099 1571 1166 scriba,
1586 1099 1698 1168 tripictis

1000 1186 1095 1254 Digere
1110 1188 1256 1249 versiculis.
1269 1204 1328 1256 qun
1341 1189 1376 1244 sit
1386 1191 1480 1245 sutttxa
1497 1199 1626 1258 potestas.

1000 1276 1098 1331 Fronte
1111 1280 1198 1332 crucis
1210 1278 1301 1332 titulus
1311 1282 1346 1333 sit
1361 1281 1469 1348 triplex,
1484 1280 1695 1349 1661666666.

999 1367 1134 1436 16666661
1148 1366 1240 1421 ludaea
1255 1369 1356 1438 legens,
1373 1371 1510 1424 61666616
1527 1372 1608 1437 norit,

911 1456 964 1512 585
1002 1455 1036 1509 Et
1049 1467 1174 1511 venerata
1191 1457 1273 1511 ileum
1290 1468 1444 1526 percenseat
1458 1455 1643 1514 6666611666.

1000 1548 1132 1617 Quidquid
1152 1548 1177 1602 16
1196 1563 1249 1602 aere
1270 1564 1334 1602 carn
1352 1550 1466 1605 reboans
1485 1549 1546 1604 tuba
1562 1564 1640 1604 curua
1656 1563 1698 1603 re·

1548 1638 1661 1711 [mugitz

159 1727 239 1795 Spem
254 1725 370 1795 111ῐί1611
383 1725 478 1787 dieto:
499 1739 579 1793 quam
599 1725 695 1794 tuem?
715 1724 766 1778 uisi
779 1709 896 1777 tuni-B
998 1726 1132 1799 Quidquid
1163 1727 1196 1783 ab
1228 1742 1328 1783 arcano
1358 1730 1443 1784 uomit
1468 1728 1562 1800 ingens
1589 1729 1699 1796 spiritus

667 1816 692 1870 u'
720 1816 819 1870 almum

159 1902 452 1970 Lumenetadrentum
465 1815 858 1974 6661616666161666611666

1609 1833 1621 1870 s
1634 1834 1661 1883 u,

999 1818 1697 1981 661666166661661666661666111661611111611161,

713 1998 857 2056 GLOSSAE
878 2000 1046 2059 VETERES.

106 2088 170 2144 566.
184 2089 269 2157 11666,
280 2090 394 2156 domum,
413 2087 431 2142 Ι.

106 2159 169 2215 561.
186 2160 268 2226 lirec,
294 2161 386 2228 pussio.
400 2188 434 2199 -
445 2156 543 2221 eluunt,
568 2156 706 2228 AEppprtt,·
729 2160 858 2229 sacrileql.

71 2225 176 2284 Pharus
191 2229 321 2301 AEpqptur
336 2228 579 2294 utetur-lente,
596 2231 717 2294 virosum,
742 2231 857 2285 mortale.

71 2299 238 2422 -llesollrit,
254 2299 314 2371 6616
328 2300 421 2352 6161611
437 2298 520 2367 persio
534 2307 679 2367 potestatem
694 2299 790 2354 dioboli
814 2300 860 2353 66·

70 2378 175 2433 struxit,
205 2409 211 2422 .
247 2403 249 2407 ψ

107 2438 170 2492 561.
188 2438 286 2508 inore,
301 2438 425 2509 666161.

108 2509 172 2561 565.
187 2509 319 2574 Creditur,
335 2510 492 2579 interluitur,
506 2512 544 2564 uel
555 2511 758 2576 cemorendntur,
773 2509 793 2562 1.

106 2577 170 2631 568.
185 2579 314 2643 Credeus,
328 2595 442 2645 cerneus,
459 2581 480 2639 Ι.

106 2647 271 2712 56666616,
285 2648 358 2716 locis,
372 2648 391 2701 Ι.

107 2716 504 2788 516166,6666661666
521 2722 605 2787 61666,
622 2718 643 2788 i,
660 2719 725 2774 1166.

107 2787 169 2840 577.
186 2787 317 2852 Arruntis,
333 2790 438 2853 scrinio,
449 2791 587 2851 uolumina,
600 2789 620 2841 Ι.

105 2857 170 2912 578.
185 2855 301 2922 11616616,
318 2860 422 2929 6661616,
436 2861 669 2930 presumuntur,
684 2859 704 2913 1.

946 2091 1009 2146 576.
1027 2093 1124 2148 Attica,
1142 2091 1311 2155 Atheniensis,
1322 2092 1412 2147 Grrccu
1426 2093 1529 2152 locutio,
1546 2089 1567 2143 Ι.

947 2162 1010 2216 586.
1024 2163 1159 2224 Ausonius,
1176 2161 1285 2229 161166,
1301 2162 1395 2223 italice,
1415 2161 1546 2226 1166666,
1562 2159 1582 2213 Ι.

947 2231 1009 2284 581.
1025 2231 1159 2299 Tripiclis,
1172 2233 1304 2298 tripliciter
1315 2231 1473 2294 conscriptis,
1492 2229 1541 2284 iso.

947 2301 1134 2423 5811616666,
1161 2303 1219 2370 dic,
1246 2303 1356 2370 ordine,
1380 2303 1417 2356 orl
1438 2301 1526 2355 scribe.
1540 2297 1696 2361 -Sulirxa,

911 2386 990 2432 6616,
1021 2412 1027 2423 ,

948 2439 1009 2493 585.
1027 2438 1134 2505 Fronte,
1148 2441 1173 2494 in
1184 2443 1278 2511 stipite,
1294 2441 1315 2497 l.

950 2509 1012 2563 585.
1027 2509 1196 2568 Perceuseat.
1208 2514 1331 2582 perthut,
1343 2511 1363 2564 1.

947 2578 1275 2644 586.11666666,666666,
1293 2596 1394 2643 cuneus,
1410 2579 1431 2632 1.

946 2650 1010 2702 587.
1023 2649 1065 2703 Ab
1078 2658 1185 2711 666666,
1206 2667 1221 2704 6
1241 2653 1369 2721 pulmone.
1380 2679 1416 2691 -
1426 2649 1523 2715 Vonrit,
1546 2648 1652 2719 profert.
1664 2676 1698 2690 -

911 2716 1017 2781 166666,
1034 2735 1152 2786 6166666,
1169 2719 1188 2772 i.

944 2787 1006 2842 588.
1021 2789 1110 2850 Casta,
1125 2789 1184 2843 ideo
1200 2791 1262 2842 dicit
1280 2799 1386 2853 eurtum,
1407 2789 1581 2857 6616666166
1598 2789 1699 2842 laudern

909 2857 1321 2929 6661666666661661-(166166,
1338 2861 1448 2928 eitlrura,
1464 2875 1548 2913 6616.
1564 2856 1660 2922 Chele,
1671 2859 1698 2912 id

744 2965 1022 3024 coustuutnuttls.

106 3060 168 3116 566.
181 3060 304 3115 Nonnulli
317 3060 407 3131 1616,
422 3058 857 3131 11166616Ρ61.,1Ε6661166.616.
911 3059 1077 3128 transcripsit
1099 3059 1202 3114 ricriln.
1233 3059 1324 3124 Neque
1350 3058 1472 3115 Heinsius
1505 3057 1697 3113 correctionem

70 3130 98 3185 16
122 3141 206 3199 textu,
232 3131 306 3194 did..
331 3130 400 3184 Vaut.
423 3135 454 3196 1,
477 3134 510 3199 Q.
534 3131 648 3193 16666,
671 3131 733 3190 tls..
753 3128 857 3192 Nome,
911 3127 1697 3197 66166666166666666611666166661161666666166116·

73 3201 152 3266 tutu,
173 3200 259 3262 siclt..
274 3202 394 3272 66661116.
412 3201 536 3255 Nonnulli
553 3200 655 3263 116166,
671 3198 858 3260 6166616111,
912 3197 992 3249 61616
1011 3198 1106 3251 Aldina
1121 3200 1236 3254 editione
1257 3208 1361 3254 exstare
1376 3200 1517 3252 st‘lirmauit
1536 3198 1563 3251 iu
1582 3197 1697 3251 aierilru:

71 3272 202 3337 procellis,
224 3272 294 3340 quud
314 3270 442 3325 Weitzius
464 3272 603 3336 arrrplcxus
624 3280 682 3334 est,
704 3270 859 3337 6166666166
912 3277 938 3317 61
952 3281 984 3320 ex
1000 3267 1056 3321 suis
1073 3269 1182 3323 vetustis
1203 3284 1270 3337 6666
1284 3269 1408 3322 omnibus
1427 3267 1544 3323 restituit
1562 3266 1588 3331 l,
1602 3265 1696 3322 scriba.

70 3341 177 3409 61666116
191 3339 297 3411 AEqypti
312 3353 440 3394 vocamur
452 3340 485 3394 ab
498 3341 599 3394 dicium
609 3340 688 3393 duitu
701 3339 781 3402 litus,
794 3337 895 3417 Grcoc
914 3334 951 3388 Er
965 3353 1018 3404 quo
1032 3352 1124 3405 arguo.
1138 3354 1216 3392 unam
1232 3349 1333 3393 tacitum
1345 3347 1450 3392 ersture
1465 3336 1587 3392 Aldinam
1602 3336 1696 3391 editio·

70 3413 148 3476 gorio
168 3410 504 3472 1166666666866166616
526 3419 553 3464 et
580 3409 653 3473 atiis;
677 3406 861 3473 6661666116·
915 3419 975 3458 uem
991 3407 1142 3462 66661561
1159 3421 1293 3476 peractam
1312 3426 1318 3459 :
1335 3423 1386 3461 nou
1408 3406 1480 3462 enirn
1499 3405 1627 3460 credibile
1645 3414 1696 3469 est,

72 3492 130 3534 mat
145 3481 285 3550 legendum
300 3481 421 3551 66661111,
439 3480 588 3548 praesertim
603 3482 663 3548 quia
685 3478 762 3548 61666
777 3478 862 3545 666611
914 3483 943 3527 61
962 3475 1005 3530 166
1020 3491 1095 3531 error
1108 3479 1211 3543 616116,
1232 3478 1287 3548 jam
1308 3478 1334 3531 in
1357 3478 1441 3547 prima
1456 3478 1658 3530 animadversus
1671 3484 1698 3531 et
1731 3492 1737 3509 ·

71 3549 195 3618 66661116.
914 3556 1061 3609 correctus,
1083 3547 1109 3599 in
1131 3547 1246 3601 secunda
1269 3548 1454 3616 replicaremr.
1479 3546 1592 3601 (lodices
1612 3546 1697 3600 nostrl

112 3620 177 3673 565.
189 3619 293 3673 Tbuan.
307 3627 334 3672 et
345 3619 397 3673 duo
411 3619 499 3683 Tuum,
511 3619 631 3673 creditur.
913 3615 1026 3670 tutiaut.
1042 3615 1131 3686 Prag„
1149 3627 1175 3671 tu
1188 3618 1281 3672 666116.
1295 3616 1366 3672 Vult.
1380 3619 1413 3683 Α,
1429 3618 1463 3684 Q.
1478 3618 1610 3681 inscripto.
1624 3614 1697 3679 liat,

109 3689 173 3743 566.
186 3688 283 3743 Oxou..
299 3705 331 3742 eo·
347 3689 424 3742 Patre
434 3704 506 3753 uero;
518 3688 574 3756 lege
588 3703 671 3740 66666.
912 3684 1057 3738 scribendo.
1080 3688 1157 3747 liar..
1178 3687 1319 3752 scribenda,
1340 3702 1419 3754 supra
1435 3688 1589 3740 charactere
1610 3688 1698 3739 miuu-

109 3759 173 3813 568.
192 3759 250 3813 lat.
266 3759 311 3813 lla
325 3759 410 3827 prima
424 3774 514 3824 6666,
534 3758 600 3811 1166.
616 3756 650 3810 alt
669 3755 753 3810 alicua
770 3769 859 3822 mansu,
914 3755 974 3807 11661
989 3756 1130 3825 inreritum·
1144 3758 1170 3810 in
1186 3759 1304 3826 margine
1317 3766 1425 3826 apparet
1440 3756 1521 3810 luisse
1531 3755 1623 3815 scriba.
1636 3754 1697 3808 licet

912 3827 1068 3880 evanuerint
1088 3826 1268 3881 characteres
1290 3826 1347 3881 Non
1366 3826 1470 3892 dubito,
1493 3824 1556 3894 quin
1577 3839 1638 3877 uera
1662 3825 1697 3878 sit

912 3891 991 3946 lectio
1001 3893 1027 3958 1,
1042 3895 1135 3957 scriba,
1151 3907 1228 3964 quarn
1243 3896 1368 3965 exprimit
1379 3897 1470 3955 Alex..
1485 3905 1511 3946 et
1525 3908 1606 3960 prope
1620 3907 1697 3946 accc·

912 3962 951 4015 dit
963 3964 1027 4016 llrb.
1043 3965 1160 4019 cerrita.
1173 3965 1296 4030 librarii,
1315 3964 1378 4033 quid
1391 3975 1460 4018 esset
1476 3962 1540 4017 illud
1556 3961 1569 4015 1
1584 3978 1636 4015 666
1653 3964 1694 4014 iu·

912 4033 1073 4100 telligcutes,
1089 4049 1120 4088 ex
1139 4034 1245 4103 ingenio
1266 4049 1314 4087 suo
1327 4049 1422 4089 noram
1442 4034 1582 4088 lectionem
1599 4047 1695 4099 procu·

70 3829 174 3884 Widm.
195 3843 287 3892 supra,
302 3828 384 3896 lluug.
405 3836 433 3882 61
450 3827 569 3881 nonnulli
588 3831 671 3895 6616,
696 3841 799 3878 cernens
813 3839 861 3892 pro

69 3900 187 3953 credens.
211 3898 306 3953 Glossa
330 3897 425 3965 isonis,
440 3914 555 3962 cernens,
579 3898 666 3966 potius
691 3904 734 3950 est
756 3895 860 3949 diuersa

69 3971 163 4025 lectio.

105 4041 171 4094 571.
184 4035 258 4101 1116,
274 4038 361 4090 miuus
374 4038 452 4104 benc,
466 4035 566 4090 Christo
581 4035 645 4103 666.

105 4109 169 4164 571.
184 4106 340 4172 Becmanns,
365 4120 423 4174 cap.
448 4106 465 4160 6
489 4106 637 4159 llaruntuct.
658 4105 689 4155 ad
705 4102 770 4171 ling.
787 4101 858 4168 Lat,
911 4102 1017 4157 derunt.
1044 4102 1109 4158 l'ide
1123 4105 1249 4175 lrymnum
1265 4102 1342 4158 Catb.
1359 4103 1403 4171 ts,
1418 4103 1556 4159 6666661
1573 4100 1692 4165 Satelles,

70 4187 176 4241 mouet,
192 4176 218 4228 in
236 4176 392 4244 quibusdam
408 4176 534 4229 mendose
553 4174 603 4242 legi
622 4176 668 4227 scd
681 4173 782 4227 Cleriero
795 4174 859 4238 666,
910 4173 929 4238 1,
947 4177 1121 4243 1666616666.

70 4261 205 4316 nurumque
216 4246 294 4314 Spem
306 4247 405 4312 paritur
415 4257 441 4298 ut
456 4242 859 4313 66666616166666166666661
945 4243 1008 4298 585.
1024 4243 1097 4310 ilat„
1115 4244 1219 4311 triplici,
1240 4243 1309 4310 quod
1324 4242 1631 4298 66616666666616661
1649 4256 1692 4292 sn·

71 4322 192 4381 peritura
205 4327 287 4368 utero.
306 4316 357 4369 Pro
375 4316 478 4368 luminis
496 4329 589 4368 omues
612 4314 757 4368 licinsiaui.
775 4314 857 4381 Borrg.
911 4327 957 4381 pra
980 4314 1089 4378 triplice.
1106 4315 1134 4367 16
1153 4313 1271 4367 editione
1290 4312 1426 4367 Parmensi
1440 4315 1516 4366 deest
1536 4310 1692 4365 vocabulum

68 4403 164 4457 supra,
185 4386 258 4449 did,
274 4384 343 4449 Gis„
360 4386 479 4446 nunonis,
497 4385 565 4453 quud
581 4395 667 4437 exstat
686 4387 710 4436 in
727 4382 787 4439 ilat.
805 4383 826 4435 Α
843 4397 857 4434 6
910 4383 1013 4451 triplex,
1030 4381 1127 4438 Fronte
1140 4386 1243 4436 crucis:
1258 4384 1345 4435 titulus
1360 4382 1392 4434 sit
1408 4382 1506 4446 triplice
1523 4382 1618 4450 116666.
1635 4380 1691 4433 Nou

70 4463 157 4523 prima
173 4470 262 4518 marm,
278 4457 303 4507 in
316 4456 381 4508 llar.
393 4470 407 4507 a
421 4457 535 4509 secunda
547 4469 636 4506 manrr.
648 4454 786 4513 lt'eirzius,
799 4452 857 4505 ilat.
910 4461 1016 4505 currstut
1028 4469 1130 4518 versus,
1146 4463 1174 4506 ut
1188 4453 1272 4507 rides.
1288 4452 1325 4505 66
1336 4451 1414 4504 111616
1427 4452 1513 4505 crucis
1528 4451 1630 4518 triplice
1643 4451 1693 4502 liu·

68 4529 101 4587 u.
119 4527 209 4594 cusp,
225 4523 297 4588 liat„
310 4524 409 4578 Widm.
425 4541 516 4593 supra,
535 4524 593 4577 lat.
611 4525 634 4577 tt
649 4538 739 4589 supra,
761 4524 826 4575 liar.
842 4536 857 4575 6
909 4536 959 4589 gua
974 4522 1126 4577 videtum.
1142 4537 1201 4591 cap.
1216 4536 1293 4582 unt,
1307 4522 1357 4586 58;
1381 4522 1497 4589 lipsium
1512 4520 1545 4573 de
1564 4519 1650 4574 Crucc
1663 4535 1691 4582 u,

69 4598 156 4661 prima
175 4608 253 4647 6666
272 4594 386 4648 luminis.
407 4593 514 4647 Teollus
526 4609 585 4648 cum
608 4593 715 4648 lleinsio
737 4593 808 4658 iacit,
827 4606 859 4644 ac
911 4595 936 4642 iu
952 4593 1021 4646 uotis
1034 4608 1092 4659 cap.
1108 4593 1150 4657 ll,
1171 4589 1692 4659 6161166.66661666666116611666611

66 4665 157 4720 solum
182 4666 300 4730 agnouit,
327 4664 479 4718 Vaticanum
504 4679 583 4716 unum
608 4662 856 4730 prestantissiumm
912 4662 1009 4715 milltes
1025 4663 1127 4715 titulum
1143 4661 1320 4714 adhibuerunt
1343 4658 1438 4714 litteris
1450 4660 1560 4724 Graccis,
1579 4659 1690 4723 Latinus,

67 4735 170 4788 ltabcre
188 4734 302 4786 lunrinir.
322 4733 441 4788 Gilauius
462 4749 493 4786 cx
513 4733 595 4786 reteri
619 4733 686 4786 libro
701 4735 736 4784 ita
752 4746 857 4799 quoque
873 4718 897 4778 D
911 4730 1036 4790 Persicis,
1052 4731 1170 4786 ludricis
1182 4740 1209 4786 61
1223 4730 1397 4800 AEgyptiscis,
1414 4738 1444 4784 ut
1456 4732 1489 4784 ab
1504 4730 1627 4784 omnibus
1642 4729 1693 4799 legi

65 4805 209 4872 legendum
229 4804 265 4856 ait
278 4821 284 4855 :
297 4804 337 4857 sic
351 4814 411 4856 ante
425 4805 456 4857 de
475 4804 569 4854 tumim
588 4803 683 4866 tumere,
702 4811 729 4856 et
749 4802 773 4854 lu
795 4800 855 4853 tidci
912 4809 1010 4868 posset,
1026 4815 1053 4853 ut
1067 4803 1148 4855 relert
1162 4800 1336 4869 Capitolinus.

64 4873 192 4942 syurrbolu
212 4872 295 4925 lumen
315 4873 346 4925 de
365 4875 483 4925 lumine:
502 4875 597 4926 crebro
614 4872 710 4938 lurnen,
725 4881 752 4925 et
762 4885 856 4923 rtuuuen
945 4868 1006 4924 586.
1022 4871 1094 4934 did,
1110 4871 1237 4924 mendose
1249 4887 1342 4923 canore
1354 4869 1433 4924 beans
1444 4883 1490 4935 pru
1501 4885 1561 4923 cauo
1574 4871 1690 4923 6616666.

65 4947 138 4997 16166
150 4956 183 4996 se
194 4952 373 4996 coutrtrutasse
386 4942 508 4996 librarios
523 4952 614 4995 uinum
628 4951 680 4994 est.
910 4938 988 4999 Feb..
1005 4939 1071 4993 AErr
1083 4957 1145 4995 cauo
1158 4940 1281 5009 quidquid
1296 4940 1412 4993 redonus.
1430 4941 1455 4991 ln
1476 4954 1536 4993 meu
1547 4940 1692 5007 exemplari

102 5013 167 5067 575.
183 5011 270 5079 cusp..
289 5012 367 5073 male,
385 5011 566 5080 perficiendum
579 5012 670 5064 oculis.
909 5008 1016 5063 Weitzii
1030 5011 1061 5063 ad
1076 5011 1220 5079 marginem
1236 5019 1278 5064 est
1291 5010 1392 5066 lruurto.
1416 5009 1461 5062 tiis
1477 5010 1598 5064 uersibus
1617 5009 1691 5063 rntrlti

102 5083 166 5136 576.
182 5083 208 5135 16
224 5083 292 5135 Aldu
308 5084 431 5136 mendmu
444 5098 552 5147 urumque
561 5082 629 5149 jum.
909 5080 1022 5146 probant
1039 5082 1120 5135 licere
1140 5083 1166 5134 in
1180 5081 1291 5135 ecclesia
1308 5081 1344 5133 uti
1362 5080 1544 5134 instrumentis
1571 5078 1689 5130 musicis.

101 5154 167 5206 577.
183 5153 332 5206 Armarium
346 5153 412 5205 sunu
426 5153 494 5206 solut
510 5168 556 5218 pru
567 5150 703 5204 tabulariis
713 5149 769 5202 sire
784 5146 854 5201 ioru-
910 5147 975 5204 lr'ssdc
988 5149 1140 5214 llarouium,
1156 5162 1221 5204 tom.
1235 5150 1365 5213 116661,
1380 5163 1439 5216 paq.
1454 5147 1516 5209 578,
1530 5147 1563 5198 66
1576 5145 1689 5208 66666,

63 5220 479 5289 11666111661166166116666166,
500 5217 851 5290 661616666616166666116,
907 5220 952 5288 qui
972 5218 1108 5274 trudendi
1131 5222 1288 5275 auctoritate
1307 5218 1421 5272 ostendit
1445 5215 1579 5268 Cltristum
1595 5215 1686 5293 lustru·

62 5292 244 5355 Tertulliano,
259 5291 368 5345 Sidonio
382 5302 407 5345 et
422 5292 490 5344 aliis.
910 5290 1006 5343 mentis
1020 5291 1128 5344 musicis
1144 5290 1243 5343 laudari
1259 5290 1376 5343 solitum.
1392 5284 1447 5338 Gis.
1470 5283 1531 5337 lauic
1547 5291 1690 5352 ptaepostttl

101 5362 167 5415 578.
185 5360 257 5427 ilat,
274 5361 349 5414 16666
363 5363 485 5431 66666166
502 5360 584 5425 primo
602 5374 692 5422 manu,
708 5372 759 5410 nun
775 5355 853 5412 bene.
909 5373 1014 5412 uersum
1029 5373 1085 5426 seq.

102 5431 167 5485 581.
187 5430 293 5483 l’rimus
310 5433 428 5484 orrrnium
448 5430 530 5484 Aldus
548 5429 631 5482 edidit
651 5426 676 5492 1,
690 5427 773 5481 scribe
784 5442 794 5490 ;
807 5427 854 5481 scd
943 5427 1004 5481 587.
1022 5426 1077 5480 Gis.
1096 5428 1106 5480 l
1126 5426 1202 5488 edit,
1219 5426 1244 5478 in
1257 5439 1350 5478 arcano
1364 5435 1413 5491 pro
1432 5421 1464 5473 66
1478 5436 1581 5475 ursano.
1599 5421 1688 5489 Praq„

62 5517 127 5554 cum
148 5501 272 5553 mendum
288 5501 504 5571 typogruplricurn
527 5500 688 5565 irrepsisset,
708 5511 803 5565 nempe
820 5498 856 5550 si·
909 5496 1031 5559 lrnrrrtus,⁸
1045 5496 1101 5549 616.
1118 5495 1150 5548 ad
1165 5509 1261 5563 6666,
1281 5497 1382 5546 166616.
1400 5490 1492 5547 1161166
1509 5492 1565 5556 6111,
1585 5491 1689 5557 haustu,

63 5573 147 5633 crido,
168 5580 195 5624 et
213 5584 331 5624 errorum
344 5573 415 5625 clare
428 5570 588 5623 correxisset
603 5571 629 5621 iu
645 5568 793 5629 emendatis,
808 5567 853 5620 alii
908 5580 947 5619 sc.
964 5578 1062 5618 arcano
1075 5578 1122 5618 scu
1135 5564 1237 5619 occulto
1253 5566 1357 5617 tuarusru.

63 5642 186 5698 editores
199 5651 343 5708 posueruut
361 5652 387 5693 tu
406 5640 496 5693 6616.
519 5639 642 5694 Nebrissa
658 5653 719 5692 reru
734 5651 852 5692 errorem
944 5635 1005 5690 588.
1025 5633 1131 5689 llidctur
1143 5633 1276 5690 nonnullis
1287 5633 1357 5691 idcm
1370 5648 1429 5692 csse
1440 5632 1525 5687 616166
1538 5645 1568 5686 ac
1580 5631 1687 5686 testudo.
