3832 6120
170 283 217 340 sot
237 302 240 308 ,
518 276 563 331 nn
581 273 837 331 stnnouunuru
858 273 949 330 uuirt
972 274 1158 331 nutrtonuu
1177 274 1381 332 rueramus
1756 272 1812 332 zoe

170 396 220 460 Qui
242 409 303 450 eum
330 392 435 448 rideret
458 404 550 467 eorum
576 388 724 456 silentium,
743 387 884 458 strlrjunrit
903 402 911 441 :
932 387 959 443 si
975 394 1000 454 Α
1014 399 1132 459 pturaru,
1147 406 1207 459 nura
1223 390 1257 446 sit
1280 389 1374 445 lrrrtior
1386 388 1514 443 omnibus
1532 387 1684 459 prestigiis,
1701 396 1731 442 et
1751 388 1810 443 bare

170 487 251 544 uestri
263 500 316 541 non
328 491 439 555 possunt
451 480 615 549 respondere
626 478 963 550 rationibusuostris,quiti
1015 496 1123 551 semper
1136 490 1300 550 repetentes,
1311 490 1338 536 et
1346 481 1458 535 boantes
1470 479 1645 549 potiusquam
1656 477 1811 534 roeileran·

172 579 259 631 otrstat
274 591 323 631 eur
338 590 390 629 nou
409 586 503 627 omues
523 571 601 626 simul
614 571 809 626 conveniamus
822 571 849 625 iu
871 569 964 626 eadem
1016 577 1074 638 tus,
1091 587 1154 635 rer,
1165 571 1210 641 qrri
1229 571 1284 640 jum
1310 577 1474 636 surrexerat,
1493 566 1629 639 accipiens
1646 582 1694 638 per
1712 581 1812 624 manus

172 666 241 721 lidel
255 665 329 719 Tune
339 661 567 718 murmurantibus
582 660 647 728 illis,
659 660 694 716 tie
716 675 763 716 sua
783 659 836 715 liele
851 673 963 715 securus
1016 661 1144 716 domnum
1160 660 1324 731 Stephanum
1340 660 1509 716 etiamnum
1529 661 1648 726 nvitun,
1667 658 1746 713 eluxit
1763 671 1815 715 eta

173 756 200 809 in
216 754 328 808 bonrino
338 751 459 808 addidit:
479 750 508 808 si
525 751 645 806 rationes
662 759 761 806 nostrae
785 765 839 806 rton
855 757 969 821 possunt
1018 764 1102 822 usque
1116 750 1149 807 ati
1161 750 1310 806 cubiculum
1326 765 1403 805 suum
1413 764 1420 815 ;
1431 758 1458 806 et
1468 764 1530 806 eum
1543 749 1655 804 intraret
1667 747 1814 819 amplexor

138 862 155 895 u
174 845 233 899 illos
245 842 412 908 convincere,
429 858 482 897 uon
495 841 661 908 dubitouulu
675 840 834 897 beustldem
847 849 966 897 nostram
1020 850 1061 896 est
1073 855 1134 907 eos,
1149 841 1243 896 dicens
1258 849 1287 896 ut
1300 850 1410 895 orarunt
1431 854 1479 910 pro
1490 855 1534 896 ao.
1550 839 1739 908 cognorerunt
1753 838 1814 909 qui·

174 933 302 989 miraculo
316 932 477 988 confirmet:
492 932 588 1003 jubeat
606 932 757 988 sublimitas
767 945 854 988 restra
868 941 897 988 ut
913 941 966 988 tam
1019 933 1081 988 dem
1096 932 1134 987 illi
1150 933 1352 1001 perplexitatem
1367 940 1395 986 et
1412 932 1548 1002 angustias
1566 931 1655 986 cordis
1668 930 1744 1000 ejus,
1762 930 1813 985 seri

174 1024 213 1078 illi
226 1039 306 1095 quam
319 1038 368 1079 nos
378 1038 470 1079 eamus
484 1023 517 1078 art
529 1023 681 1093 sepulerum
697 1023 813 1080 hominis
824 1024 870 1080 bei
885 1025 899 1079 l
904 1025 965 1090 usti,
1019 1023 1081 1092 qrria
1110 1021 1190 1076 Pater
1209 1036 1271 1076 eum
1293 1037 1348 1076 uon
1371 1029 1489 1076 traxerat
1504 1018 1599 1091 (loun.
1619 1034 1655 1084 rt,
1669 1017 1737 1088 li),
1760 1034 1814 1076 nou

176 1125 203 1170 et
213 1115 410 1184 interrogemus
424 1115 497 1169 illum
513 1115 547 1171 tle
559 1113 648 1171 uostr'a
661 1115 712 1170 title
722 1133 729 1177 ;
741 1115 864 1171 similiter
874 1126 901 1170 et
915 1115 967 1170 llo·
1020 1112 1106 1180 potuit
1119 1111 1210 1165 uenire
1224 1111 1257 1166 ad
1273 1110 1380 1179 Filium,
1397 1121 1425 1165 ut
1438 1110 1536 1166 veritas
1554 1109 1730 1180 impleretur:
1751 1109 1815 1165 Noas

176 1204 287 1258 nilaeius
298 1203 331 1259 de
345 1218 393 1261 sua
403 1222 410 1257 :
420 1213 447 1259 et
460 1204 588 1259 Dominus
605 1205 786 1273 pronuntiabit
797 1221 843 1275 per
854 1219 884 1260 os
894 1204 965 1260 serti
1018 1213 1056 1258 ert
1066 1202 1183 1272 uolentia,
1196 1221 1275 1272 oenoe
1285 1205 1439 1274 festinantia,
1451 1203 1496 1258 reri
1507 1203 1644 1258 miserentis
1657 1201 1707 1256 nei
1721 1201 1815 1275 (lton.

175 1291 216 1347 sui
232 1292 364 1363 inquibus
376 1294 554 1363 complaceat.
579 1293 636 1350 lter
648 1296 779 1351 attonitus
799 1311 918 1351 arrnrrore
931 1296 970 1351 ui·
1020 1308 1059 1360 tr,
1076 1293 1130 1363 tt).
1148 1294 1179 1348 Et
1192 1308 1226 1350 er
1239 1308 1270 1349 ea
1282 1292 1326 1349 die
1348 1294 1454 1363 plurimi
1469 1293 1560 1349 Ariani
1579 1292 1816 1363 inpoenitentia·

176 1382 305 1451 debatur3
324 1385 372 1440 ted
392 1384 538 1441 inclamare
551 1397 691 1455 ooaperunt
713 1388 815 1453 Ariani,
831 1395 859 1443 et
880 1387 971 1444 dicare
1021 1393 1163 1449 venerunt,
1177 1394 1205 1439 et
1221 1392 1281 1455 post
1298 1383 1401 1454 aliquot
1421 1385 1479 1440 dies
1501 1384 1626 1454 baptizati
1652 1383 1775 1451 tument,
1788 1392 1818 1440 et

177 1489 207 1529 re
225 1490 274 1544 pro
286 1475 339 1530 lide
353 1489 401 1530 sua
416 1475 611 1533 manifestanda
625 1478 714 1534 lacere
734 1479 807 1536 nolle
824 1487 852 1535 ut
871 1480 972 1534 t'eearat
1022 1474 1200 1544 mapnillearit
1212 1474 1341 1529 Dominus
1353 1473 1433 1530 idem
1449 1484 1567 1530 nostram
1581 1489 1630 1544 per
1643 1474 1819 1532 intercessio·

178 1563 254 1631 Saul,
269 1573 297 1618 et
311 1564 372 1620 ideo
384 1564 541 1621 maledictus
555 1568 657 1634 luerat;
669 1577 716 1623 aut
727 1582 867 1625 recurrere
880 1568 912 1622 nti
927 1567 971 1622 in·
1023 1580 1084 1620 nem
1095 1564 1188 1622 domni
1199 1565 1267 1621 lusti
1284 1567 1310 1621 in
1323 1575 1468 1636 conspectu
1481 1566 1611 1621 omnium.

176 1655 342 1710 earrntioues
356 1663 383 1711 et
395 1655 503 1720 illicita;
517 1658 641 1715 sullleere
659 1659 710 1714 sibi
724 1675 755 1715 se
774 1659 873 1716 babere
892 1659 969 1717 Sori-

266 1875 525 1957 SYMMACHI
562 1881 698 1959 PAPAE
733 1882 800 1959 ab
839 1880 1040 1959 AVITUM
1078 1880 1403 1960 vlnnbnttsnn
1433 1882 1721 1961 EPISGOPUM

851 2021 1145 2108 EPISTOLA.

582 2158 672 2230 (Hune
684 2160 815 2229 eplrtolom
827 2158 929 2215 edernae
938 2173 995 2213 curn
1009 2166 1033 2213 et
1046 2156 1196 2228 Spmmeelrl
1208 2172 1283 2226 pope
1295 2160 1395 2227 opero.)

176 2280 1809 2312 mm

626 2419 856 2543 SERMO
898 2419 1105 2534 ΒΕΑΤΙ
1150 2418 1375 2562 attur,

694 2612 799 2669 rnnttt
818 2611 945 2669 nunna
962 2612 998 2670 tlt
1017 2611 1280 2672 nonantulonus

775 2747 826 2822 (Ex
839 2764 905 2805 russ.
920 2749 1031 2821 majoris
1041 2748 1214 2822 Caribusiae.)

216 2972 342 3044 Legimus
359 2969 386 3028 iu
411 2973 521 3030 bistorin
542 2977 643 3049 liepuru
666 2981 809 3051 quemdam
835 2987 969 3044 eelebrem
985 2992 1008 3053 Β
1022 2997 1143 3060 tempore
1166 2989 1354 3060 pteuitentiam
1379 2993 1469 3062 (lebet,
1492 3011 1545 3051 uon
1571 3007 1666 3054 renuat
1688 2998 1811 3058 tridun

180 3063 380 3137 prophetarum,
392 3068 488 3137 exiguo
499 3070 609 3138 superni
624 3081 717 3141 paetus
727 3075 865 3144 alimento,
879 3078 970 3136 ruultis
1022 3079 1100 3147 Quen
1113 3081 1195 3136 etiam
1208 3082 1288 3149 pleno
1300 3084 1397 3141 ordine
1408 3096 1489 3156 atque
1499 3087 1822 3164 digestopropbetiaqua

179 3155 274 3212 diebus
295 3157 346 3213 iter
370 3157 557 3229 longissimum
577 3161 636 3217 sine
658 3164 713 3220 ullo
731 3165 894 3224 adminiculo
918 3169 971 3227 eibi
1022 3170 1091 3226 lecta
1105 3178 1159 3237 est,
1173 3172 1197 3227 si
1211 3174 1340 3243 gradibus
1357 3178 1414 3233 suis
1427 3178 1582 3248 replicetur,
1598 3180 1730 3251 insinuat,
1746 3183 1819 3240 tica

181 3250 431 3322 terrestriaegisee;
447 3252 515 3308 adeo
531 3252 614 3309 (lirini
630 3256 754 3313 benetieii
766 3261 851 3315 virtus
869 3261 895 3316 in
910 3276 972 3318 eor·
1022 3259 1156 3330 principio
1170 3265 1304 3321 sermonis
1316 3279 1437 3322 exorsa:
1456 3267 1525 3336 l'or,
1545 3269 1641 3340 inquit,
1660 3273 1769 3343 coenari
1787 3286 1819 3328 es

181 3353 248 3409 pore
260 3339 376 3396 humano
387 3351 553 3411 seqttentrata
564 3343 718 3402 intirmitate
732 3351 881 3418 praevaluit.
892 3350 972 3407 Com·
1022 3352 1137 3409 ominbus
1152 3357 1346 3424 tornutionibus
1361 3359 1533 3432 terrestrum
1546 3376 1586 3428 tn,
1600 3362 1641 3433 Ω).
1662 3362 1715 3420 iiie
1728 3366 1818 3420 statim

179 3429 283 3499 paratio
297 3441 385 3486 autem
400 3431 480 3486 morlo
496 3435 553 3489 baso
573 3434 739 3493 ineermone
756 3453 809 3494 non
824 3454 904 3496 eausa
919 3453 970 3498 est.
1022 3457 1052 3500 se
1075 3444 1231 3502 ludaeorum
1256 3451 1380 3519 populus,
1405 3453 1431 3506 in
1454 3453 1596 3521 quamdam
1619 3453 1743 3526 rapinam
1764 3469 1821 3510 nott

180 3520 298 3591 Sioergo
307 3523 387 3576 etiam
404 3524 481 3577 nobis
492 3541 610 3581 aunuum
621 3528 754 3594 ntroddam
765 3531 816 3587 iter
824 3535 970 3604 actionum,
1022 3551 1125 3604 amore,
1138 3540 1184 3595 sed
1203 3541 1349 3598 ambitione
1362 3544 1521 3615 praecipitat,
1537 3556 1566 3601 ut
1575 3546 1609 3602 ad
1623 3544 1724 3603 tiirinae
1739 3546 1819 3603 iami-

182 3611 970 3697 easnuttt,tituoruntdiuersitateeurreutibtts,quidamtptti
1024 3627 1148 3688 liaritatis
1175 3631 1296 3689 notitiam
1321 3649 1376 3706 prae
1404 3638 1529 3694 otrruibus
1555 3638 1676 3696 videatur
1704 3639 1818 3696 ascitae

181 3719 230 3759 nes
241 3703 310 3758 inter
321 3703 370 3758 ista
384 3705 518 3760 ennlurtet
537 3706 713 3777 Rogationem
726 3712 807 3767 ueluti
822 3716 892 3771 eoetrr
907 3732 970 3784 por-
1023 3720 1076 3778 Sed
1091 3721 1204 3780 desistat
1215 3725 1277 3780 irino
1287 3729 1474 3798 opportunitas
1487 3729 1672 3800 obstrependi,
1687 3730 1820 3802 quiaqu-

181 3802 271 3848 reetus
281 3793 397 3848 sumitur
408 3795 483 3862 panis
496 3811 503 3849 ε
515 3796 591 3864 euius
602 3797 729 3854 tortitudo
738 3811 818 3872 atque
828 3804 971 3862 salubritas
1022 3809 1075 3865 tius
1089 3812 1139 3868 sub
1152 3812 1253 3882 iudicio
1266 3817 1380 3872 rationis
1394 3816 1407 3857 b
1422 3817 1457 3874 tie
1481 3820 1643 3889 proprietate
1660 3834 1820 3878 sermonen

181 3895 235 3936 nou
258 3882 345 3937 selum
364 3883 482 3954 inopiam
503 3887 646 3955 praeteritae
667 3891 815 3949 sterilitatis
837 3896 969 3965 suppleat,
1022 3916 1162 3958 musarum
1174 3913 1248 3961 eerta
1260 3907 1394 3963 metienda
1407 3915 1481 3965 sunt.
1494 3908 1822 3981 Voreopnoai,rroniiult

180 3986 272 4029 rerum
292 3972 374 4029 etiam
392 3975 541 4044 periculum
557 3979 634 4035 lauris
647 3981 682 4037 ab
695 3982 790 4053 spiritu
805 3994 898 4042 uestro
916 4001 971 4044 non
1021 3990 1207 4062 Interamnae,
1221 3995 1269 4052 aeti
1280 3995 1449 4053 lisamnilru
1461 3999 1653 4071 amoenioribus
1666 4009 1755 4056 terre.
1767 3998 1820 4070 011

183 4062 211 4117 in
224 4077 293 4134 pane
306 4064 375 4134 solo,
385 4064 432 4120 seti
448 4066 475 4121 in
488 4066 570 4124 terbu
582 4068 629 4124 bei
640 4071 745 4128 uiuente
759 4075 971 4145 secludatouoi
1022 4093 1085 4138 sunt
1095 4093 1183 4139 autem
1194 4088 1239 4156 qui
1251 4088 1425 4156 acquiruntur
1433 4105 1466 4145 er
1477 4091 1600 4151 omnibus
1608 4090 1821 4160 cognationibus

182 4155 205 4210 ti
218 4155 358 4227 quisquam
373 4156 537 4228 Regalianus
550 4172 645 4217 nostro
658 4167 757 4220 saeculo
770 4166 908 4225 institutas
917 4169 970 4226 mi·
1023 4181 1117 4239 terre,
1126 4176 1176 4232 nisi
1185 4177 1229 4247 qui
1238 4177 1272 4232 ab
1282 4179 1580 4251 uniuersitategentium
1589 4183 1614 4237 in
1625 4196 1710 4238 unum
1717 4182 1823 4241 retinen

182 4257 267 4312 retur,
280 4264 346 4318 quar
362 4251 443 4305 tantis
456 4261 518 4306 aute
533 4255 698 4322 temporibus
709 4257 889 4316 Ecclesiarum
903 4261 972 4318 ntul-
1023 4267 1092 4323 llum
1104 4283 1140 4324 ex
1153 4269 1265 4327 dirersis
1277 4271 1367 4326 muudi
1383 4272 1504 4343 partibus
1518 4287 1588 4329 unus
1602 4273 1730 4344 populus,
1746 4284 1773 4332 et
1786 4276 1821 4329 ue

183 4337 269 4394 titurio
293 4343 416 4407 nescirit,
440 4352 546 4397 otrnstat
571 4345 641 4399 bunc
667 4361 746 4415 posse
767 4357 795 4404 et
816 4353 1011 4424 muneribusc
1027 4360 1119 4417 multis
1133 4361 1260 4418 membris
1268 4364 1318 4417 sub
1328 4362 1533 4432 Cltristoeapite
1543 4379 1624 4419 unum
1634 4363 1821 4434 eorpuslcul

182 4430 387 4530 redemptionis,
403 4448 463 4500 qum
483 4433 574 4487 mundi
592 4449 650 4489 aeuo
660 4435 716 4504 iam
731 4452 799 4506 pene
811 4452 970 4512 consumpto
1025 4452 1193 4522 postmodum
1205 4455 1335 4512 mentioni
1350 4458 1528 4529 agrioseemlae
1541 4467 1622 4528 atque
1636 4459 1820 4529 praeterrita

182 4535 208 4573 ur
232 4523 392 4576 soculorum
413 4523 467 4577 llue
488 4523 582 4587 adluit,
600 4525 739 4592 derogare.
765 4527 892 4584 l'iuerit·
911 4534 972 4602 quia
1025 4542 1199 4598 beatissimus
1211 4545 1305 4600 i‘etrua
1317 4562 1364 4617 per
1375 4547 1472 4602 mentis
1484 4557 1621 4619 stuporem
1632 4548 1744 4606 delirus
1755 4549 1820 4607 sitiit

54 4626 66 4639 =
181 4619 254 4666 uerte
277 4611 339 4681 quid
365 4612 474 4679 sentiat,
499 4614 653 4683 quantitatem
676 4615 862 4675 medicaminis
886 4621 971 4678 rideat
1024 4633 1136 4688 timeum
1152 4636 1283 4704 quoddam
1298 4641 1367 4694 0oe10
1378 4641 1552 4706 descendere·
1566 4641 1636 4711 quod
1647 4650 1767 4710 quam,
1776 4659 1813 4700 ,ῃ

182 4702 351 4769 iuribuutius,
368 4704 470 4758 tresoiat
485 4705 653 4774 desperatus,
673 4718 799 4763 caeterum
818 4711 858 4766 lre
868 4722 972 4779 unienter
1025 4721 1095 4792 perlis
1110 4723 1169 4778 sinu
1187 4734 1308 4796 retegente
1320 4730 1493 4800 submissum,
1507 4747 1680 4802 omnegenns
1695 4734 1820 4790 aninum·

181 4803 317 4863 expertus.
332 4795 385 4851 Sed
399 4796 458 4864 quis
473 4804 516 4852 ost
530 4797 580 4851 iste
594 4797 633 4852 sie
646 4799 679 4854 ad
693 4801 824 4870 integrum
838 4818 929 4873 sanus,
941 4816 971 4862 ut
1027 4816 1092 4868 tium
1114 4830 1175 4870 eum
1200 4818 1354 4876 volatilibus
1378 4831 1457 4891 atque
1481 4823 1620 4893 reptilibus
1643 4825 1819 4891 continebat,

181 4884 322 4939 ''lediill'ffl
332 4899 385 4940 ¹¹⁰⁰
396 4896 483 4954 e8⁰³¹·
493 4899 520 4940 ¹¹¹
531 4888 594 4942 ”⁰¹¹5
608 4891 762 4960 ff8l⁰²³¹¹ll⁸
773 4893 868 4949 &binim
877 4897 971 4951 ¹¹²⁰rb⁰
1024 4907 1256 4977 rnurmouitusque
1271 4919 1299 4963 ut
1313 4912 1473 4967 treoessnrim
1492 4914 1629 4968 refectioni
1651 4913 1726 4983 quanti
1740 4916 1822 4971 uellet

181 4972 348 5042 succumbat,
364 4983 457 5029 utnon
472 4978 672 5048 auteupitlitate
684 4982 787 5047 ardent,
799 4994 846 5038 aut
858 4985 971 5041 auaritia
1025 4996 1081 5066 ipse
1104 5005 1251 5064 manassen
1272 5002 1418 5070 appetem„
1439 5003 1546 5073 quidem
1565 5004 1655 5071 mrem,
1674 5020 1737 5060 cum
1759 5006 1821 5060 talio

183 5066 292 5135 palleat‚
311 5076 357 5122 aut
373 5067 470 5124 invitia
492 5069 579 5135 lineat,
595 5080 640 5125 aut
652 5074 776 5139 superbia
796 5086 905 5143 ttrrtreat,
924 5088 971 5134 aut
1024 5085 1145 5142 eiborunr
1162 5089 1256 5143 modus
1271 5093 1485 5160 precipiebatur,
1505 5109 1553 5163 per
1568 5093 1768 5150 «observantiam
1781 5095 1821 5150 te-

181 5155 318 5212 ii³0l¹¹¹di³
332 5157 429 5226 ⁰²¹th
450 5167 496 5214 ³¹¹²
515 5162 641 5232 ⁰b¹⁰ttui⁰
654 5165 774 5232 pruriant
792 5167 820 5221 Si
832 5170 891 5237 orris
905 5183 970 5239 ergo
1024 5180 1109 5247 galem
1131 5179 1287 5246 exlrorruit;
1312 5186 1358 5237 seu
1380 5198 1439 5237 mor
1457 5184 1490 5238 ad
1513 5200 1573 5240 eum
1594 5199 1684 5240 sermo
1699 5185 1820 5250 diuinus,

181 5262 213 5300 ea
229 5245 398 5318 biralicujus
420 5248 490 5304 tedii
510 5250 561 5304 sibi
584 5254 709 5308 conscius
733 5263 776 5310 est
806 5259 852 5324 nuri
873 5268 971 5315 euneto
1026 5267 1090 5332 Qun
1110 5267 1191 5332 Deus,
1213 5270 1309 5340 inquit,
1329 5274 1470 5339 mundarit,
1487 5274 1704 5329 raimmundorre
1722 5275 1825 5330 dixeris

216 5434 230 5533 ἓ
251 5425 331 5507 Forte
345 5443 377 5481 rr.
473 5497 479 5508 ¹
850 5502 856 5516 .
1027 5452 1105 5518 quam
1120 5453 1153 5494 er
1173 5453 1267 5495 seeum
1284 5443 1447 5511 proprietate
1465 5458 1496 5499 ea
1516 5443 1651 5501 metienda
1669 5446 1821 5503 sinaitam

251 5495 299 5551 lire
317 5497 391 5551 loeus
409 5497 549 5554 manrteste
563 5498 733 5568 depravatus,
752 5506 856 5558 tamersr
871 5516 967 5559 sensura
1025 5511 1047 5562 si
1071 5509 1186 5564 litteram
1204 5525 1357 5581 intuamur,
1378 5516 1436 5569 lutee
1454 5516 1561 5584 quidem
1585 5516 1619 5571 ue
1637 5516 1699 5572 tiliis
1714 5518 1822 5583 israel;

181 5564 216 5618 rit
228 5564 332 5646 obvius.
343 5567 411 5621 bieit
424 5565 518 5623 Avitus
532 5568 586 5624 ialli
601 5570 720 5653 luimus,
732 5574 776 5640 qut
792 5574 966 5657 sorbeamus
1022 5577 1045 5657 si
1067 5576 1197 5645 iudicium
1219 5583 1341 5649 rationis,
1361 5583 1395 5641 de
1407 5584 1566 5642 Cbriatianis
1578 5600 1641 5642 tere
1659 5597 1688 5643 et
1708 5589 1825 5660 proprie

181 5633 216 5689 us
227 5651 256 5690 ae
267 5644 581 5706 tntorprotureutttr‚ourn
591 5653 625 5697 ex
635 5641 738 5710 Jutlretu
753 5653 863 5697 rationis
877 5659 965 5713 potrus
1021 5647 1159 5705 decutitur.
