3816 6120
132 299 186 358 923
692 295 832 354 AURELU
853 290 1037 351 nnbbubltt
1055 289 1220 347 cultibus.
1730 288 1779 347 lm

169 412 204 470 16
221 410 428 482 llauelnnuaass
441 417 537 467 testnta
547 409 631 472 ileum
642 409 870 482 potuisserideri.
936 411 965 471 Α
992 405 1029 463 20
1064 402 1142 472 Quod
1172 400 1294 477 quumvis
1327 399 1411 459 bebes
1445 399 1561 459 lotuitus
1596 400 1780 472 speculamine

223 504 375 570 lllePater,
389 519 469 573 ouem
483 502 762 560 nullaacicsriolenta
774 501 877 559 mentio
1538 492 1673 567 [planem

223 594 336 651 Eminuit
354 594 476 651 ardentis
490 596 641 665 penetrarit
654 594 779 651 acumine
791 592 888 649 nisos:
918 593 922 602 “
958 588 966 612 ⁵
1069 585 1320 660 Humentiqueacie
1339 584 1589 658 potuitnebulosus
1603 584 1692 640 adire.

221 686 508 762 moelcoluim
524 686 641 743 imminis
651 700 704 742 non
720 685 818 748 induit,
832 681 927 742 etini-
1070 692 1189 762 Quisque
1202 688 1343 747 homiuum
1366 686 1468 746 uidisse
1487 686 1573 745 beum
1598 696 1774 756 memoratur,

755 775 817 832 totis
1614 777 1622 832 i

220 867 384 928 tmmeurom
402 878 544 940 ²⁸⁸¹¹¹⁰lll⁰
559 883 614 925 ⁰⁰¹¹
636 774 770 940 Wlfflin
782 881 851 935 ⁰¹⁶·
865 879 926 925 ⁸¹⁰·
1067 880 1150 955 405
1162 880 1282 938 inlusum
1293 879 1360 937 uiuit
1371 888 1481 935 natum:
1496 777 1775 946 malumst&

721 957 819 1032 idm·
857 959 859 963 ⁷
1067 981 1282 1050 Qnoousl’atna
1295 977 1774 1052 mleanssepreuittttnspteieumu

152 1049 187 1108 16
222 1051 436 1123 autmangettei
452 1052 538 1154 pietac
551 1049 801 1155 sperrrendalibelli
887 1134 894 1149 ·
996 1085 1033 1144 25
1069 1084 1122 1141 per
1131 1080 1772 1155 Wieffiqmswmfflomommdemm

221 1141 299 1209 Μ’
319 1141 496 1213 bhsph‘me'
511 1142 559 1198 ⁰¹³¹
572 1149 616 1198 ω
626 1180 635 1208 ’
647 1149 694 1196 ²⁰⁸
710 1150 849 1301 ”3³:3⁸¹
866 1149 926 1193 ω.
1066 1182 1133 1239 Nam
1144 1196 1218 1238 ntem
1229 1181 1356 1250 maiestas
1370 1189 1413 1236 est
1425 1181 1542 1251 inunita,
1554 1193 1608 1249 uec
1619 1179 1703 1234 intrat

223 1323 271 1380 vi·
281 1324 381 1380 im·
394 1324 499 1391 pm,
515 1339 568 1379 Μ
580 1319 754 1379 mim,
768 1317 888 1376 udum·
1066 1285 1196 1349 obtutus,
1211 1283 1300 1353 aliquo
1314 1282 1364 1338 nisi
1379 1296 1409 1339 se
1426 1280 1616 1338 moderamine
1630 1279 1739 1337 inraret.

219 1411 273 1470 spu
284 1421 409 1470 samm
418 1415 557 1470 mm
565 1413 716 1484 mim,
726 1409 798 1482 quod
812 1422 926 1466 mm
1067 1385 1123 1440 linc
1136 1383 1204 1439 ritlit
1216 1383 1341 1453 princeps
1351 1382 1475 1453 generosi
1489 1381 1604 1439 seminis
1619 1381 1741 1450 Abram,

698 1504 753 1577 [las
766 1502 816 1569 sit,
1067 1483 1126 1539 lom
1141 1489 1205 1538 tunc
1215 1481 1316 1552 uipnati
1330 1489 1417 1538 terras
1433 1480 1551 1538 inrisere
1564 1480 1670 1537 curisti

219 1597 352 1657 Romanis
372 1597 519 1670 aliquando
542 1595 629 1657 oculis
645 1606 810 1652 emmonem
831 1605 922 1662 mom·
996 1591 1032 1649 sb
1068 1589 1172 1661 llospes
1194 1586 1297 1659 bomo,
1320 1587 1348 1643 iu
1377 1585 1511 1658 triplicem
1534 1601 1638 1733 rtsrrmen
1658 1585 1772 1646 mutare

708 1684 820 1760 [ptume
999 1725 1001 1729 r
1555 1692 1672 1748 tgurom.

785 1813 931 1876 ocosse
949 1815 1131 1874 serenus.
1236 1880 1242 1888 ,

168 1957 213 2013 11.
232 1957 322 2027 Pater,
335 1969 383 2028 eat,
402 1958 423 2015 1.
437 1989 474 2002 -
486 1958 608 2014 vinolenta
619 1997 627 2025 ,
639 1971 688 2029 pro
698 1954 834 2025 uiolenter,
847 1955 875 2011 iri
888 1961 925 2011 etl
941 1957 964 2020 Β
1016 1955 1058 2010 tu.
1080 1953 1183 2022 Oetrlis,
1197 1950 1418 2022 seilicetpnideit,
1434 1948 1487 2006 isc.

133 2026 241 2099 sortior,
259 2029 324 2084 llsr.
1014 2026 1060 2080 16.
1083 2024 1179 2088 liebes,
1192 2019 1478 2082 stottonnetretennn.
1491 2019 1772 2089 -Glnnco,oiridi,l.

169 2098 211 2152 11.
232 2098 354 2164 Emiuus',
368 2099 453 2167 inope,
464 2099 504 2154 nel
514 2114 529 2152 e
540 2109 640 2167 contro,
653 2096 673 2152 Ι.
1014 2097 1060 2151 il.
1082 2089 1641 2162 ttnnmentlmn,nunnion-suire,settim
1651 2090 1772 2162 commi.

167 2169 210 2223 11.
232 2169 405 2236 immensum,
415 2168 619 2224 immensitatem.
634 2197 670 2209 -
680 2165 744 2234 Ore,
760 2165 836 2237 (ome,
849 2164 872 2221 l.
1013 2165 1060 2220 22.
1081 2163 1123 2221 nb
1137 2164 1206 2234 ipso,
1222 2163 1309 2223 l‘utrc,
1324 2162 1345 2217 Ι.
1607 2228 1613 2242 Ι
1632 2230 1640 2243 .
1661 2230 1668 2244 ι

168 2239 212 2292 16.
234 2239 307 2304 lisa,
321 2242 481 2310 eopnitneat,
494 2241 514 2293 Ι.
838 2284 840 2288 ,
1013 2236 1059 2292 26.
1081 2235 1167 2294 mera.
1186 2249 1271 2300 pura,
1288 2233 1325 2286 cel
1339 2233 1460 2297 tirteero,
1484 2230 1513 2286 iti
1526 2238 1565 2286 est
1585 2230 1719 2288 crunno.
1738 2260 1770 2276 -

167 2308 212 2362 i'i.
232 2309 290 2365 Non
304 2310 495 2375 admiscenda,
512 2308 657 2383 spernendo
671 2317 711 2364 eat
732 2305 826 2380 (inste,
855 2323 926 2378 repn-
980 2306 1117 2370 ila'estss,
1133 2303 1236 2364 Petris,
1252 2302 1272 2358 l.

131 2376 238 2448 muno),
251 2381 272 2434 1.
769 2394 772 2399 ·
800 2381 803 2386 ‘
1014 2323 1061 2432 il.
1082 2376 1201 2444 birrum,
1216 2369 1648 2444 mtrreenmcepit,etnelstuni
1660 2370 1773 2444 upton

169 2447 213 2504 tu.
235 2447 278 2513 Et,
292 2446 680 2521 presumi-spectum,
706 2445 927 2506 mttm.-cen·
980 2456 1033 2507 tur.
1052 2446 1105 2503 lso.

132 2530 209 2586 nere,
220 2518 253 2574 oi
262 2520 479 2590 incensationem,
492 2519 554 2576 lat.
569 2522 603 2576 s.

809 2625 1095 2686 multominus,

134 2781 206 2848 ben,
221 2782 264 2838 ltle
276 2783 339 2840 nielit
359 2782 475 2839 Putrem.
486 2783 555 2841 Titla
568 2782 696 2908 bgmnum
709 2781 727 2840 6
738 2781 834 2847 Catii..
847 2796 922 2838 vers.
975 2773 1157 2853 suffusionem.

132 2852 160 2916 2,
175 2863 202 2909 et
216 2853 351 2924 upum-S.
364 2853 487 2917 ilomani,
497 2868 571 2910 vers.
598 2854 642 2910 11.
655 2854 821 2910 PlurimiSS.
832 2854 924 2908 Patres
1011 2854 1058 2909 22.
1078 2853 1183 2917 Notus..
1197 2860 1363 2917 memoratus,
1378 2846 1467 2906 uulnus
1479 2848 1561 2907 irene.

133 2920 241 2994 elocent,
258 2922 284 2978 in
301 2927 417 2994 Antiquo
431 2926 579 2995 prasertim
595 2925 767 2980 Teutomenm
778 2924 865 2979 tolum
879 2921 923 2976 Ti·
1011 2925 1059 2979 25.
1082 2921 1144 2978 ltu.
1158 2965 1167 2990 ,
1183 2922 1279 2987 alem,
1296 2920 1383 2988 Uib,
1402 2920 1462 2977 liat.
1477 2920 1501 2988 Q
1515 2930 1544 2976 et
1566 2922 1668 2979 uetusti
1681 2936 1770 2980 omnes

133 2992 198 3047 lium
214 3002 244 3050 ie
259 2994 639 3066 lromiuibrtsconspicientlum
655 2994 863 3064 praebuissemui
876 3010 925 3047 nn·
975 2994 1088 3058 lleinsii,
1117 2991 1168 3047 Per
1188 2993 1307 3117 gemes,
1330 3006 1395 3063 pune
1409 2991 1488 3062 possit
1509 2990 1597 3046 inmo.
1623 2983 1687 3048 Vel.
1702 2992 1729 3057 ,Δ
1746 3004 1771 3050 et

133 3064 205 3136 pelea
220 3065 352 3121 interdum
369 3073 479 3121 vocatur
492 3105 501 3132 ,
516 3065 588 3136 qrtod
602 3080 618 3118 a
631 3062 713 3120 Patre
727 3065 877 3120 mitteretur.
895 3063 922 3118 lu
977 3065 1071 3134 Epm„
1086 3079 1174 3135 quum.
1211 3062 1321 3118 ellarius
1333 3061 1428 3116 saltem
1447 3062 1474 3116 in
1487 3060 1532 3116 ed.
1548 3062 1583 3129 2,
1599 3061 1659 3117 Per
1669 3064 1768 3135 speeies,

132 3148 164 3188 en
186 3143 249 3189 surtt
267 3135 400 3191 sententia
415 3135 552 3201 lustinus,
568 3134 614 3192 Oui
633 3149 715 3201 eues,
730 3135 922 3201 Tertullianus,
976 3135 1139 3207 qnmpomit.
1152 3130 1279 3188 Tortssse
1295 3130 1435 3202 legendum
1446 3129 1565 3185 eritPnr
1575 3133 1686 3201 species,
1700 3149 1771 3203 paam

133 3203 272 3269 lrenmos,
289 3205 400 3270 Patres,
416 3208 460 3271 uui
474 3222 506 3264 es
522 3150 689 3263 tutioeinenn
703 3205 807 3277 synodo
822 3191 961 3273 episto-C
978 3206 1057 3274 poerit
1070 3205 1145 3258 lmmo
1159 3203 1341 3273 comprendere
1360 3203 1426 3256 nien.
1442 3201 1536 3257 llelios
1553 3211 1646 3257 tomen
1661 3220 1707 3273 per
1717 3219 1771 3272 rpe-

132 3273 185 3328 lum
196 3274 351 3346 synodicam
366 3277 399 3330 ιιι
414 3276 523 3332 Partim
534 3277 737 3332 samosatenum
746 3276 925 3342 scripserunt,
979 3277 1040 3340 cies,
1050 3279 1215 3345 conspueret,
1225 3273 1282 3328 sire
1296 3272 1386 3342 possit.
1401 3271 1456 3327 linc
1471 3272 1545 3327 enirn
1560 3272 1707 3330 discrimen
1716 3275 1771 3330 eri·

133 3344 315 3412 Athanasius,
344 3346 460 3418 cyrillus
483 3347 607 3403 lliernsol
628 3346 764 3407 mitanns,
788 3344 924 3412 basillus,
978 3347 1021 3417 gui
1035 3346 1162 3400 momenti
1177 3350 1229 3398 est.
1243 3343 1313 3401 Tntt.
1329 3342 1368 3407 tt,
1385 3342 1405 3397 B
1419 3351 1447 3398 et
1461 3342 1541 3409 itan,
1554 3354 1652 3411 posset.

133 3412 355 3493 Clrrysostnmus,
369 3414 485 3499 cyrillus
497 3417 597 3472 Alexan
619 3417 713 3483 rinus,
729 3414 925 3478 Tbeorlonetns,
1014 3415 1062 3470 26.
1084 3415 1209 3483 liajestas
1222 3429 1292 3468 meru
1306 3419 1356 3477 est,
1370 3427 1430 3537 ἕξω
1444 3413 1545 3466 nuttam
1561 3415 1678 3469 loctunam
1690 3414 1770 3470 incinit

136 3482 261 3548 linlnrius,
279 3484 454 3553 Ambrosius,
469 3485 523 3541 Leo
537 3499 615 3555 pepe,
633 3483 760 3539 isidorus.
775 3483 865 3554 itaque
878 3484 928 3539 int·
978 3500 992 3540 a
1011 3500 1058 3540 sua
1072 3495 1165 3541 natura
1185 3483 1350 3538 distinctum.
1409 3482 1531 3536 bolastici
1556 3481 1681 3538 dicerent
1694 3486 1769 3554 naje-

136 3566 196 3606 eum
212 3561 265 3618 est,
279 3552 382 3609 caeteris
396 3564 455 3621 post
470 3555 500 3611 S.
517 3555 691 3623 augustinum
708 3553 831 3610 Patribus
842 3555 927 3623 magis
977 3566 1030 3611 etos
1043 3555 1113 3610 nude
1124 3563 1237 3624 sumpto.
1250 3552 1392 3626 llymnns.
1405 3552 1640 3620 Fructuosirers.
1651 3555 1698 3617 tlt,
1707 3556 1770 3609 celer

134 3621 270 3689 arrisisse,
281 3638 375 3678 omnes
390 3624 495 3680 Veteris
505 3623 669 3679 Testamenti
684 3625 865 3694 apparitiones
878 3638 928 3695 per
979 3638 1049 3680 nimo
1063 3640 1112 3693 pro
1124 3623 1277 3698 mmnodn.
1294 3621 1456 3677 llernnirtur
1466 3621 1514 3676 lib.
1530 3637 1560 3688 u,
1574 3632 1671 3679 econtra
1685 3624 1766 3697 Sym,

135 3694 245 3759 angelos
259 3709 319 3750 csse
342 3694 437 3761 laetas,
456 3695 527 3766 qrtod
543 3709 628 3764 nuper
652 3694 748 3766 aliquis
772 3692 925 3750 affirmavit.
978 3712 1049 3752 vers.
1064 3696 1128 3752 711.
1142 3694 1264 3751 Gilanios
1282 3694 1458 3756 allucinatur,
1474 3691 1538 3746 dum
1562 3689 1766 3763 contenuitlot.

134 3761 188 3817 Atii
202 3764 376 3828 existimant,
388 3779 441 3819 uon
456 3766 542 3820 solum
557 3763 653 3818 Filium
669 3763 851 3833 apparitiones
866 3765 927 3820 illas
979 3767 1086 3822 Lucrnt.
1101 3808 1108 3831 ,
1124 3764 1208 3821 uerbo
1225 3778 1326 3823 onnus.
1343 3763 1412 3818 bnnc
1426 3776 1548 3817 rocema
1564 3762 1666 3832 linguae
1677 3764 1770 3820 Latina

135 3847 231 3887 ornnes
242 3832 353 3899 obiisse,
374 3834 422 3889 sed
444 3835 548 3890 Patrem
563 3836 656 3903 etiam,
668 3834 734 3889 nlius
745 3835 848 3901 solum,
860 3834 927 3890 alins
978 3837 1133 3892 nrtctnribus
1149 3844 1251 3890 turnum
1263 3833 1326 3903 poni
1342 3847 1391 3900 pro
1401 3848 1469 3897 nero,
1480 3833 1627 3897 prestanti,
1644 3835 1768 3905 uespere,

134 3917 195 3956 cum
208 3902 275 3959 Filio
289 3915 316 3961 et
324 3905 426 3972 Splritu
441 3917 552 3971 sancto,
568 3919 758 3975 nonnunquam
773 3920 838 3961 tero
853 3906 927 3961 solos
978 3923 1029 3961 nou
1048 3905 1172 3961 rintulete
1184 3946 1200 3968 „
1214 3920 1261 3974 pm
1275 3903 1390 3974 insipni,
1411 3912 1435 3957 et
1451 3902 1604 3958 uehementi.
1621 3902 1671 3960 Tel
1686 3920 1717 3959 eu
1732 3902 1769 3959 bis

134 3975 253 4043 angelos.
265 3977 350 4042 Quem
361 3976 515 4045 opinionem
529 3974 560 4032 S.
575 3975 739 4047 Augustinus
750 3976 925 4045 praecmtnnis
978 3976 1044 4032 solis
1055 3975 1192 4032 Prudentii
1204 3973 1270 4028 loeis
1280 3974 1424 4029 refellitur.
1442 3973 1507 4026 Vide
1520 3973 1572 4026 alia
1586 3990 1649 4041 uum
1665 3976 1767 4030 bemon-

134 4043 293 4100 corrnborat
303 4044 350 4100 lib.
363 4060 382 4101 tt
394 4047 428 4101 tle
440 4045 536 4102 Triuit.
979 4063 1030 4101 nrrs
1043 4046 1077 4102 de
1087 4047 1161 4118 Orig.
1176 4047 1240 4116 ling.
1256 4044 1313 4098 Lat.
1328 4044 1458 4099 adversus
1470 4057 1532 4096 eum
1553 4045 1676 4112 protulit.
1689 4046 1716 4100 lo
1727 4059 1768 4099 en·

172 4114 216 4169 ts.
232 4114 356 4171 llninsins
368 4131 400 4171 ex
411 4116 468 4171 suis
483 4128 565 4181 mss,
580 4125 608 4172 et
623 4116 701 4172 Tabr.
718 4115 791 4183 ,Qui
804 4131 830 4171 se
842 4115 927 4186 formo
978 4117 1039 4173 dem
1060 4124 1219 4188 argumento
1234 4113 1395 4169 Prnderrtins
1415 4112 1544 4184 persistit.
1567 4112 1670 4169 Natura
1683 4114 1765 4170 elilim

135 4184 245 4238 annunti
258 4202 308 4239 non
322 4186 417 4241 inoluit.
430 4185 515 4242 Aldus
529 4188 702 4255 ethiteins,
713 4186 764 4253 Qui
774 4201 799 4239 se
815 4185 927 4253 [ermom
977 4186 1096 4256 conspici
1107 4201 1159 4243 nnn
1168 4194 1256 4257 potest
1265 4184 1351 4240 oeulis
1363 4180 1514 4249 corporeis,
1525 4182 1577 4238 nisi
1588 4183 1678 4240 iorrna
1688 4186 1765 4252 alinea

135 4254 246 4309 nominis
265 4270 316 4310 uon
335 4257 419 4312 induit
432 4272 442 4320 ,·
456 4258 556 4313 nullam
578 4257 718 4312 lectionem
734 4255 767 4310 ub
782 4255 832 4309 bec
845 4257 926 4310 dissi·
977 4268 1123 4328 assumpta.
1138 4255 1250 4312 Constat
1264 4263 1353 4310 autem
1369 4294 1377 4320 ,
1403 4253 1486 4309 Deum
1508 4262 1638 4310 natrrram
1659 4255 1765 4310 bominis

135 4325 242 4380 nentem
256 4325 392 4382 llariettus
402 4329 550 4382 annotarit.
564 4326 696 4384 Utrolibet
708 4325 788 4381 murlo
802 4325 872 4382 idem
885 4334 928 4382 est
978 4330 1155 4399 assumpsisse
1170 4341 1224 4383 non
1240 4327 1267 4380 ln
1282 4327 1385 4381 unitate
1399 4333 1513 4391 nature,
1528 4325 1576 4380 seri
1589 4325 1618 4380 in
1634 4325 1765 4397 singulari

135 4408 240 4451 seusus.
254 4395 322 4452 inira
334 4437 343 4465 ‚
355 4411 426 4453 vers.
442 4397 513 4464 166,
530 4395 599 4453 Deus
613 4414 639 4452 re
660 4411 767 4469 corpore
781 4400 869 4451 metris
885 4398 928 4450 iu·
978 4407 1032 4454 tute
1045 4413 1166 4467 personne
1180 4396 1272 4453 Verbi.

135 4465 203 4519 duit.
217 4467 270 4522 Sed
281 4475 465 4523 tuucmetrom
475 4467 501 4522 inl
514 4469 675 4540 postulnbot.
688 4468 766 4522 Alex.
785 4481 846 4522 cum
859 4467 927 4522 Altlo
1012 4472 1058 4527 27.
1080 4470 1174 4536 Aldus,
1188 4468 1289 4536 aliquos
1303 4480 1352 4536 pre
1366 4466 1461 4534 olimae.
1475 4464 1578 4520 Sensus
1589 4465 1697 4532 uiridem
1711 4464 1761 4518 iio·

135 4533 209 4590 inicit.
222 4536 259 4592 De
271 4539 354 4593 verbo
368 4536 476 4593 buram
490 4538 520 4595 S.
536 4539 700 4609 Augustinus
714 4539 760 4591 lib.
773 4552 818 4591 vttt
835 4538 868 4591 tle
881 4536 925 4592 ct·
939 4567 966 4628 D
978 4556 1045 4596 neue
1057 4541 1169 4595 subesse
1191 4544 1288 4606 potest.
1303 4539 1354 4591 Seri
1376 4536 1454 4591 coniri.
1468 4534 1569 4589 liabent
1582 4536 1681 4606 aliquo.
1694 4535 1762 4591 llein·

136 4606 249 4675 rubei,
259 4620 318 4676 cap.
333 4608 345 4660 1
362 4607 459 4663 :lianc
471 4609 638 4667 diuinitatem.
653 4607 693 4663 oel
715 4615 742 4661 nt
757 4608 794 4661 sic
805 4609 923 4676 dixerint,
982 4613 1038 4665 sius
1053 4612 1080 4665 in
1093 4611 1148 4666 suis
1162 4609 1263 4678 reperit
1277 4608 1304 4661 ui
1318 4624 1363 4674 re,
1378 4606 1448 4673 utrorl
1466 4616 1558 4660 terrent
1574 4607 1658 4671 Alei,
1676 4606 1759 4674 Bong..

138 4673 295 4732 bennonem:
310 4688 401 4733 nnmet
414 4678 461 4733 boc
476 4679 548 4734 uerbo
560 4681 598 4733 uti
604 4683 662 4752 jum
673 4689 774 4733 nostros
785 4693 836 4731 nou
847 4679 926 4749 piper,
982 4681 1043 4737 i'at.
1057 4681 1079 4749 Q
1092 4678 1248 4749 stimplo
1263 4678 1378 4738 nostris,
1391 4676 1500 4740 Weitz.,
1516 4675 1589 4738 Gis„
1604 4678 1702 4732 uisite.

136 4753 164 4796 nt
178 4741 290 4799 cGrmcn
300 4750 441 4818 expressius
452 4751 614 4818 trunslernnt,
625 4751 693 4820 puori
704 4749 745 4803 illi
756 4747 864 4807 θεότητα
879 4764 928 4819 αρ-
1016 4751 1062 4807 ts.
1083 4748 1326 4817 Adducitesempla
1341 4761 1372 4801 ex
1384 4761 1459 4801 suoru
1474 4744 1580 4812 propina,
1595 4749 1691 4815 quibus
1703 4746 1760 4800 best

137 4813 242 4879 pellunt.
256 4815 343 4871 Utitur
356 4820 435 4872 etiam
447 4821 476 4873 S.
489 4819 587 4874 Hieron
607 4834 675 4875 mus.
981 4825 1135 4887 oppantisse
1152 4820 1267 4885 dicitur,
1283 4833 1343 4889 qum
1358 4816 1447 4872 omnin
1462 4818 1495 4870 tle
1510 4816 1579 4871 Filio
1591 4816 1640 4872 lici
1652 4815 1758 4884 exponit.

174 4883 215 4965 16ε
233 4883 411 4970 Blnsplremua,
423 4836 850 4961 ilosplteruo,ilnspucnrin,voces
863 4895 927 4943 suut
981 4893 1048 4948 virle
1063 4892 1161 4947 Genes.
1181 4905 1256 4956 srtrr,
1272 4891 1284 4944 1
1303 4897 1329 4941 ct
1345 4903 1402 4956 seo.
1419 4886 1578 4954 Delminum,
1595 4903 1674 4958 quiem
1690 4887 1759 4941 lbra·

137 4954 231 5010 asoto
244 4957 421 5024 scriptoribus
437 4958 625 5015 ecclesiasticis
636 4960 751 5026 usitatus,
765 4957 928 5013 utaTertul·
982 4964 1043 5016 bam
1058 4962 1224 5034 alloquitur,
1244 4965 1322 5014 rouel
1344 4958 1479 5013 Clusinum
1496 4972 1544 5025 per
1565 4958 1720 5026 prolepsin,
1735 4961 1758 5008 nl

139 5025 229 5091 tiano,
243 5024 418 5098 llicnonymo,
433 5028 540 5083 orosio.
980 5031 1055 5096 alibi,
1071 5033 1122 5088 lton
1134 5040 1175 5087 est
1191 5030 1318 5087 Verbum.
1338 5029 1526 5097 Appnrnorunt
1547 5027 1698 5084 Alrralnsmo
1713 5035 1757 5081 tres

174 5094 217 5151 ts.
238 5097 266 5151 ln
282 5094 342 5153 tat.
363 5099 385 5153 Α
400 5105 428 5153 et
442 5114 496 5152 ono
508 5097 634 5154 Torrent.
654 5100 731 5155 ubo-t
743 5112 781 5155 est
795 5108 855 5164 rost
870 5096 924 5151 Po·
980 5104 1030 5157 viri
1056 5111 1178 5169 stantes,
1198 5110 1228 5155 ut
1241 5113 1414 5169 personarum
1429 5099 1550 5152 Trinitas
1563 5098 1755 5168 signiticarettr.

138 5166 193 5221 tris.
210 5166 286 5238 Egm.
310 5178 336 5223 et
353 5168 409 5225 l'ol.
421 5210 428 5234 ,
442 5178 466 5223 et
481 5172 605 5241 specimen
621 5183 670 5236 pro
683 5179 720 5224 ert
741 5169 879 5239 specimen.
896 5170 925 5225 ln
978 5173 1086 5244 Triplex
1096 5174 1181 5244 fipuro
1195 5169 1393 5226 suuttresvirl.
1410 5168 1438 5224 lu
1457 5169 1578 5223 carutiue
1599 5171 1628 5223 in
1642 5167 1755 5225 Genesin.

137 5236 240 5291 Timon.
263 5238 400 5294 eubulum
418 5242 510 5310 priori,
527 5239 581 5294 Seri
592 5237 678 5294 Putris
691 5249 774 5294 tomen
789 5248 825 5293 eal
840 5242 923 5306 speci·
978 5244 1054 5313 enjus
1074 5253 1211 5299 moerorem
1227 5256 1280 5296 non
1295 5255 1354 5295 esse
1369 5239 1531 5303 iuuencum,
1547 5241 1654 5294 ‹rsteurlr
1668 5240 1694 5293 iu
1707 5251 1756 5311 pro·

137 5323 204 5363 men.
217 5307 306 5378 Eum„
322 5313 361 5380 soe
376 5316 413 5366 eei
428 5325 476 5383 prun
489 5313 529 5379 [ns
542 5311 584 5364 tit.
600 5310 628 5365 ln
640 5310 757 5378 Ttrunn,
773 5310 825 5365 Seri
838 5308 927 5364 mun
979 5316 1077 5384 legum.
1094 5311 1240 5369 rcrs11556
1259 5328 1267 5367 t
1285 5311 1404 5382 Dumque
1424 5310 1506 5365 ileum
1520 5309 1590 5365 trino
1602 5313 1709 5382 positum
1721 5305 1755 5362 rei

135 5384 221 5431 tumen
236 5384 273 5434 est
287 5381 429 5450 specimen,
443 5381 512 5452 pund
526 5396 627 5436 emnere
637 5384 677 5454 [nrt
687 5381 730 5436 sit.
979 5386 1090 5456 imupine
1105 5385 1195 5450 poscit.

172 5449 217 5504 lb.
237 5449 299 5505 ilat.
311 5451 350 5514 A,
366 5462 513 5521 promptum
524 5460 570 5507 eat.
1014 5457 1059 5509 ill.
1077 5454 1229 5517 Arnobins,
1252 5452 1299 5509 lib.
1318 5467 1347 5517 t,
1363 5466 1423 5522 pop.
1441 5450 1564 5521 l,uueri
1587 5447 1754 5520 pernotetur,

171 5519 216 5574 20.
229 5519 306 5590 Egm.
320 5531 347 5576 et
358 5520 427 5591 bat,
438 5522 541 5587 eloneo,
556 5522 637 5589 tnalc,
651 5536 699 5588 pro
709 5521 811 5593 planen.
824 5519 910 5591 Specto
980 5524 1054 5593 ipsos
1068 5525 1149 5581 etium
1164 5524 1279 5590 aetites,
1295 5522 1433 5578 derelictis
1439 5521 1513 5577 cut-is
1527 5518 1753 5588 solemnibusuni·

136 5587 189 5642 inm
201 5604 250 5660 pro
264 5592 364 5661 popolo
380 5592 469 5657 posuit
486 5606 557 5648 rurs.
570 5593 634 5648 866.
647 5592 781 5659 Resonant„
796 5601 822 5647 et
831 5608 923 5661 specu·
980 5594 1029 5651 bus
1039 5594 1172 5665 quondam
1188 5593 1311 5650 solebant
1331 5593 1439 5649 inuisere
1451 5609 1492 5649 ret
1505 5600 1624 5665 nostum,
1640 5600 1754 5649 terramu

136 5657 217 5713 latnie
229 5663 341 5732 pupulo,
353 5661 434 5727 ibon,
452 5675 524 5716 vers.
535 5664 598 5718 soll.
612 5664 633 5717 ll
649 5662 740 5718 Grscca
755 5676 821 5718 noco
835 5663 923 5735 γλαὺξ,
979 5682 993 5723 a
1006 5665 1161 5740 regionibus
1174 5663 1378 5726 exterminatos.

138 5728 229 5792 mule.
244 5743 356 5799 noctua,
371 5741 413 5793 est
429 5733 538 5810 ploupm
550 5771 558 5802 ,
571 5734 717 5802 utrumne.
733 5731 827 5792 Celent
849 5743 926 5792 rotet
