3816 6120
141 318 173 373 17
737 315 916 374 Ef'lSTOLAE
936 316 979 372 tit
999 317 1167 375 buchstat.
1745 327 1775 383 ld

173 432 218 487 sie
231 441 361 499 sequaces
375 439 481 498 quoque
495 439 600 496 corum,
619 425 790 484 ‘flmorheum
803 429 927 484 Petrum·
940 431 966 491 Α
980 430 1327 501 precesdeposco,qneper
1337 440 1468 488 totaonos
1477 432 1511 490 ab
1521 432 1575 490 illis
1583 434 1705 491 Patribus
1713 439 1773 508 glo·

138 539 190 596 qne
201 522 281 578 rirrrili
297 520 454 578 delinitione
473 519 582 590 dejecit.
608 519 724 575 Proinde
738 521 762 576 si
785 536 816 577 ca
828 536 888 592 quae
902 520 929 576 ln
981 523 1070 590 rio-is,
1087 523 1187 579 illibata
1202 523 1355 594 intactaque
1369 536 1475 582 serenta
1489 537 1542 584 est.
1553 526 1697 585 lincenim
1716 537 1771 600 eat,

137 616 242 687 synodo
257 612 469 669 chalcedonensi
490 627 540 681 pro
561 611 614 667 ilde
629 619 656 668 et
677 615 867 669 communione
881 628 928 669 ca·
981 615 1050 670 sicut
1065 616 1122 686 ipse
1136 617 1212 681 dicis,
1235 631 1314 684 quant
1332 617 1401 672 Deus
1412 627 1503 675 nostor
1516 618 1551 675 de
1565 621 1690 677 omnibus
1704 621 1773 679 hene

136 706 237 762 thelica
254 706 312 775 lege
325 704 471 773 apostolica
491 701 601 758 delinita
622 713 697 772 sunt,
720 719 787 761 rere
801 713 929 775 certeque
980 705 1107 770 trituram,
1119 716 1146 761 et
1156 705 1302 761 secundum
1314 720 1389 761 suam
1401 706 1541 764 veritatem
1552 719 1578 766 et
1590 712 1709 782 regulam
1722 727 1772 784 gu·

133 798 289 865 sectamini,
304 797 475 852 sicutvestra
497 796 663 867 professione
686 796 826 868 multiplici
841 798 929 852 conti·
980 795 1157 862 bernandnm,
1178 803 1206 852 et
1223 798 1350 866 prescius
1372 806 1434 854 ante
1454 800 1601 869 corratituit,
1618 813 1645 860 et
1659 803 1773 875 singolis

137 901 234 954 netur;
258 896 305 942 ant
318 901 489 944 successores
507 887 541 943 ab
557 889 601 943 illa
624 888 727 958 synodo
740 889 928 945 damnatorum
980 886 1130 958 quibusque
1145 888 1310 957 temporibus
1328 902 1375 942 sua
1389 887 1565 961 disposicione
1579 895 1774 951 convenienter

137 980 234 1049 hisque
246 977 474 1034 communicantes
486 979 608 1048 abjiciam
622 989 678 1047 aut,
693 981 716 1036 si
730 980 797 1036 istos
810 982 930 1037 admitti·
979 981 1089 1048 aptarit.
1107 979 1168 1034 llaec
1182 986 1224 1034 est
1237 978 1360 1034 uolontas
1376 980 1433 1048 bei,
1447 981 1523 1051 cujus
1539 989 1567 1036 tu
1580 983 1679 1050 ingeris
1694 998 1771 1039 men·

136 1072 183 1138 tis,
204 1086 235 1125 ea
250 1085 309 1139 que
324 1070 350 1125 in
367 1070 412 1125 illa
433 1070 538 1142 synodo
559 1086 607 1141 pro
623 1072 676 1128 fide
698 1073 927 1130 etcommunione
981 1070 1091 1135 tionem,
1115 1084 1194 1138 quarn
1213 1084 1264 1138 ego
1283 1084 1391 1140 quoque
1404 1086 1453 1140 pro
1471 1086 1531 1128 meo
1550 1072 1668 1139 modulo,
1691 1088 1771 1144 quern

136 1163 266 1219 catholica
282 1175 310 1218 et
322 1163 467 1234 apostolica
481 1172 543 1219 sunt
557 1174 677 1236 peracta,
697 1180 750 1220 non
762 1166 847 1222 solum
861 1166 929 1222 falso
981 1161 1110 1219 Dominus
1125 1163 1225 1218 donare
1247 1162 1386 1233 dignatur,
1412 1165 1490 1234 cupio
1512 1179 1621 1233 prorsus
1645 1165 1771 1235 implere,

137 1270 187 1309 ros
211 1255 330 1310 retinere
355 1252 540 1323 perpenditis,
565 1254 614 1311 sed
637 1248 747 1326 insuper
766 1256 928 1314 labefactare
981 1265 1010 1311 ut
1030 1271 1083 1311 non
1103 1270 1166 1312 rcus
1187 1255 1222 1312 de
1244 1255 1323 1326 hrrjrrs
1344 1255 1436 1312 talenti
1458 1256 1576 1313 celestis
1595 1256 1772 1314 diminutione

136 1345 282 1409 ornamini,
298 1354 326 1402 et
340 1346 367 1400 in
379 1345 574 1417 Eutychianam
589 1346 714 1403 baeresim
727 1349 786 1403 sine
801 1358 929 1404 retracta·
981 1347 1101 1418 reperiar
1115 1365 1121 1401 ι
1137 1346 1185 1404 sed
1200 1348 1225 1403 in
1241 1347 1293 1404 hoc
1308 1347 1408 1404 talento
1429 1349 1510 1419 (sicut
1525 1349 1582 1420 ipse
1599 1365 1707 1420 qnoque
1721 1365 1771 1407 nos

136 1439 211 1493 tione
227 1436 355 1505 reciditis,
368 1439 517 1508 meritoque
530 1437 694 1494 acatholicis
709 1439 858 1510 probamini
869 1454 929 1495 csse
979 1439 1118 1511 admonet)
1134 1439 1327 1495 incrementum
1341 1439 1440 1496 Christi
1454 1440 1538 1510 gratia
1556 1441 1663 1509 postulo
1677 1454 1773 1496 corrae-

136 1530 239 1586 ritandi
253 1546 259 1583 :
272 1529 333 1599 quia
348 1538 376 1585 ut
392 1528 471 1584 talem
492 1529 672 1600 pestilentiam
694 1542 824 1600 perpetuo
837 1545 930 1602 posse·
980 1531 1036 1600 qui,
1053 1539 1080 1585 et
1093 1529 1193 1584 onnon
1210 1543 1319 1601 prorsus
1340 1529 1460 1586 incidere
1475 1530 1676 1587 detrimentum.
1703 1529 1772 1586 ilinc

137 1638 199 1678 ntus
212 1622 339 1688 eradere,
362 1635 394 1676 ea
408 1635 468 1691 quae
491 1627 586 1676 contra
608 1622 692 1691 ipsam
714 1621 749 1677 ab
767 1637 798 1678 ea
813 1636 927 1692 congre·
980 1622 1105 1692 estquod
1120 1622 1252 1692 prioribus
1269 1621 1422 1680 dilectionis
1437 1631 1488 1678 tuae
1507 1621 1614 1689 litteris,
1635 1623 1704 1678 sient
1726 1629 1771 1678 toa

137 1715 245 1783 gatiano
256 1722 412 1769 sanctorum
428 1712 536 1768 Patrum
550 1713 696 1768 salubriter
715 1712 822 1770 decreta
838 1715 929 1785 legon-
980 1729 1086 1785 quoqne
1100 1714 1367 1786 paginadesigoarit,
1383 1729 1430 1785 pro
1451 1724 1541 1772 restra
1563 1715 1665 1784 sumpsi
1685 1713 1773 1771 saluta

141 1815 195 1870 tur,
210 1804 362 1860 nullatenus
378 1801 534 1870 mutilanda,
550 1819 603 1859 non
624 1805 710 1859 solum
725 1805 797 1861 sedis
821 1816 928 1877 aposto·
944 1799 967 1859 B
982 1806 1129 1873 tristitiam,
1143 1806 1187 1860 ubi
1205 1807 1323 1878 comperi
1341 1805 1412 1877 quod
1433 1816 1491 1863 erat
1516 1805 1592 1861 robis
1606 1805 1729 1871 noxium,
1744 1812 1773 1862 et

140 1897 200 1953 licar
213 1897 352 1967 praesules,
375 1895 423 1954 sed
439 1896 518 1953 etiam
533 1898 708 1954 Orientalium
732 1901 871 1970 regionum
885 1916 926 1957 ee-
982 1897 1052 1969 quod
1066 1913 1137 1953 verae
1151 1899 1207 1967 paci
1220 1899 1383 1953 contrarium
1397 1897 1495 1968 reperi.
1512 1896 1690 1953 Contristetur
1699 1897 1771 1953 enim

139 1986 231 2042 tholici
245 2001 375 2043 censuere
388 1987 537 2057 pontifices.
559 1992 600 2046 dn
622 1989 730 2045 Petrum
745 1989 834 2046 dicitis
848 1990 930 2048 fuisse
982 1974 1126 2058 Apostolus
1141 1985 1184 2057 (lt
1196 1986 1254 2042 Cor.
1265 1988 1311 2057 ιιι)
1325 1987 1359 2042 de
1371 2001 1465 2043 errore
1478 1987 1654 2053 deviantium,
1663 1997 1689 2042 et
1705 1985 1772 2041 tert·

139 2088 292 2150 purgatum,
312 2079 355 2135 eui
376 2079 585 2135 comntuniearit
600 2080 729 2135 aercius?
751 2081 826 2137 lieris
839 2097 930 2138 asser·
981 2080 1046 2136 tiam
1069 2079 1164 2150 recipit
1178 2078 1213 2135 de
1232 2079 1335 2135 eisdem
1357 2093 1404 2135 sua
1420 2078 1610 2149 praedicatione
1630 2078 1770 2133 correctis.

139 2171 257 2226 tionibus
269 2171 391 2238 edocete,
404 2169 456 2226 hoc
465 2171 609 2238 ostendite,
621 2171 672 2227 lroe
685 2172 806 2243 probate,
832 2174 930 2244 quibus
980 2170 1009 2227 st
1023 2179 1113 2227 autem
1129 2180 1171 2227 tua
1186 2169 1294 2239 caritas,
1307 2179 1335 2225 ut
1349 2170 1426 2238 dixit,
1442 2169 1532 2225 nescio
1546 2183 1660 2240 quorum
1674 2183 1770 2225 neces·

138 2266 184 2321 ifle
203 2263 303 2331 modis,
324 2264 420 2334 quibus
445 2265 491 2320 ille
510 2265 609 2336 regulis
625 2266 659 2322 ab
673 2265 837 2338 Eutychiana
852 2266 931 2322 fuerit
980 2263 1059 2319 sitate
1071 2263 1270 2334 constringitur,
1282 2261 1352 2332 quod
1366 2265 1443 2333 (pace
1454 2271 1497 2317 tua
1508 2261 1633 2334 dixerim)
1645 2262 1772 2317 sacerdos

138 2354 308 2426 profesione
330 2355 371 2410 rel
395 2357 584 2413 cotrrmunione
599 2356 766 2413 mundatus:
787 2365 889 2412 utrum
903 2356 930 2426 id
981 2359 1161 2429 proceritate
1182 2357 1330 2429 promenda
1351 2372 1401 2413 nec
1423 2357 1512 2414 facere
1532 2356 1644 2413 deberet
1662 2357 1772 2413 omnino

138 2448 314 2504 nihilominus
326 2447 442 2503 evidenti
456 2463 547 2503 rerum
557 2448 685 2504 claruerit
701 2448 931 2505 demonstratione
981 2463 1032 2505 nec
1048 2449 1153 2516 dicere;
1174 2450 1293 2519 ignoscat
1314 2448 1392 2504 nobis
1411 2448 1563 2504 hominibus
1582 2447 1770 2516 timidissimis,

137 2542 302 2607 convictum,
317 2540 404 2611 palam
423 2548 571 2611 aperteque
594 2540 702 2611 possitis
716 2541 868 2611 advertere,
884 2548 931 2596 ιιι
981 2541 1004 2597 si
1018 2549 1170 2597 coarctante
1185 2555 1233 2596 nos
1248 2539 1359 2597 terribili
1373 2549 1399 2597 et
1412 2540 1496 2596 diriol
1511 2538 1603 2609 iudicii
1616 2537 1710 2609 grandi
1724 2552 1772 2595 ne·

138 2647 187 2686 vrrs
200 2631 301 2688 debere
314 2631 411 2687 cedere
425 2631 543 2700 veritati,
558 2643 605 2687 aut
618 2632 750 2688 adsersus
765 2632 833 2687 hanc
843 2632 930 2688 mani·
980 2633 1106 2688 cessitate
1118 2633 1335 2703 constringimur,
1346 2635 1415 2687 sicut
1426 2631 1624 2703 qualescunque
1635 2630 1772 2686 mnistros

138 2721 206 2777 festa
220 2721 392 2777 dimicatione
404 2721 559 2791 confligere.
583 2723 638 2778 Nec
651 2723 726 2778 robis
743 2721 930 2790 blandiamini,
980 2726 1079 2783 Christi
1093 2725 1182 2791 decet,
1197 2727 1206 2759 ¹
1219 2738 1267 2781 nos
1286 2725 1389 2781 animas
1404 2732 1510 2781 nostras
1525 2739 1625 2794 ponere
1639 2739 1687 2792 pro
1701 2721 1769 2779 reri

136 2814 201 2877 quia
214 2810 292 2867 tidem
314 2811 474 2867 catholicam
501 2811 664 2882 profitemini
678 2827 725 2869 vos
738 2820 842 2879 tenere,
867 2814 931 2885 quia
981 2828 1035 2876 tote
1046 2818 1198 2884 salvandas,
1211 2832 1291 2888 qnam
1303 2832 1349 2875 eas
1364 2816 1461 2874 lucrari
1477 2816 1545 2874 relle
1560 2815 1679 2872 recitatis
1693 2813 1769 2870 dimi·

136 2901 294 2972 Eutychetis
317 2915 413 2956 nomen
434 2902 582 2966 adernistis,
608 2903 669 2973 quia
692 2918 722 2958 ea
738 2905 819 2958 vetuti
833 2903 930 2974 praedi·
981 2913 1091 2967 notione
1101 2909 1261 2980 perdendas,
1274 2917 1303 2965 ιι
1316 2925 1368 2966 ιιι
1379 2909 1477 2977 dicam,
1491 2917 1584 2967 contra
1597 2907 1675 2965 fidem
1690 2905 1767 2962 libid.

136 3009 201 3050 care
216 2993 370 3059 rideamini,
386 3009 446 3065 quac
460 2993 608 3050 orthodoxa
632 2996 787 3066 predicavit
813 2996 929 3069 arrtiqui·
980 3000 1122 3071 cujuslibet
1136 2999 1309 3057 abdicandas.
1331 3002 1389 3056 istac
1404 3001 1470 3056 mihi
1493 3008 1556 3056 sunt
1571 2999 1648 3071 (quas
1662 2995 1772 3054 dilectio

137 3095 189 3142 tas.
201 3085 306 3142 Clamat
319 3086 390 3141 enim
404 3086 481 3141 nobis
494 3086 537 3141 illa
551 3088 703 3156 erarrgelica
716 3090 861 3144 sordentia:
877 3090 929 3145 dut
981 3099 1024 3145 ιιιι
1046 3089 1226 3161 commendat)
1249 3101 1331 3146 certae
1345 3090 1406 3147 fidei
1420 3099 1555 3161 perpetuae
1577 3103 1637 3144 cum
1653 3101 1696 3157 eo,
1712 3085 1770 3156 qul-

137 3179 214 3249 socite
227 3177 344 3234 arborem
355 3181 457 3247 bonam,
470 3188 494 3233 ιι
507 3179 606 3248 fructur
616 3180 672 3247 eitra
686 3180 781 3248 honos,-
793 3192 837 3236 nat
850 3165 963 3254 [antec
979 3201 1084 3257 conque
1100 3184 1223 3251 voluerit,
1237 3185 1264 3239 in
1280 3183 1379 3239 Christi
1396 3183 1542 3238 uisceribus
1559 3180 1695 3235 amicitia.
1721 3176 1770 3233 illc

136 3272 254 3324 arborem
267 3270 363 3324 molum
374 3279 398 3325 et
411 3274 574 3340 sructoaejor
587 3274 668 3327 molor
680 3289 689 3327 .·
699 3290 716 3328 ι
726 3274 848 3344 {ructibus
859 3278 926 3332 enim
978 3292 1032 3333 non
1042 3288 1094 3331 tam
1104 3285 1227 3346 optamus
1241 3276 1358 3346 praeponi
1371 3274 1441 3342 aliis,
1452 3274 1522 3328 sicut
1534 3271 1768 3342 praedicendam

135 3362 212 3416 arbor
231 3361 391 3431 cognoscitur
414 3361 521 3433 (lfattlr.
545 3362 618 3434 aul:
641 3363 737 3431 idest,
761 3365 783 3420 si
806 3381 880 3433 soce,
903 3368 925 3424 si
977 3383 1038 3424 cum
1051 3368 1417 3424 fideliboseunctissaneturn
1429 3366 1521 3425 etheo
1532 3364 1657 3435 placitum
1670 3361 1769 3418 babere

136 3453 201 3519 fide,
220 3452 244 3507 si
261 3451 426 3522 professione
440 3452 572 3509 catholica
594 3463 622 3510 et
642 3457 789 3526 apostolica
812 3457 927 3516 fideliter
977 3463 1151 3518 consortium.
1174 3462 1237 3517 ttae
1252 3460 1317 3517 milri
1340 3463 1429 3530 (aquam
1451 3460 1560 3515 mandat
1582 3456 1690 3513 dilectio
1710 3455 1769 3524 ιιι)

136 3545 321 3614 veraciterque
333 3544 496 3614 gloriamini,
520 3545 598 3616 hujus
613 3554 640 3601 et
653 3548 870 3604 communionem
884 3565 926 3605 re·

136 3639 228 3707 cipite.
251 3636 280 3692 Si
305 3635 578 3705 terobacreticorum,
604 3638 707 3694 scilicet
727 3639 923 3706 damnatorum,

135 3731 177 3784 rel
193 3729 235 3783 his
250 3735 296 3783 aut
316 3729 516 3784 suecessoribus
541 3744 633 3785 eorum
657 3732 923 3799 communicantium,

135 3822 289 3877 commuuio
301 3822 375 3875 robis
389 3821 487 3890 placet,
499 3823 560 3893 qnid
572 3823 666 3878 statis?
690 3823 752 3891 qnid
768 3824 926 3896 circumspi-

134 3914 212 3969 citis?
236 3915 315 3968 sirrrul
325 3924 353 3968 et
365 3929 458 3970 eorum
474 3922 567 3982 aperte
587 3915 789 3984 manifesteque,
814 3915 924 3971 remotis

135 4006 291 4070 obstaculi-3
312 4004 409 4076 dogma
423 4003 569 4061 defendite.
588 4006 656 4073 Quid
672 4009 743 4060 enim
756 4006 847 4074 jurat?
869 4007 924 4062 imo

135 4108 162 4154 ιι
176 4098 242 4151 satis
255 4109 359 4167 gravat,
385 4097 463 4152 dictis
476 4097 594 4167 polliceri
609 4097 680 4168 quod
704 4098 780 4154 factis
801 4109 923 4169 negatur,

135 4200 164 4245 ιι
175 4205 228 4244 ιιι
242 4189 329 4244 solum
347 4190 402 4259 ipsa
418 4204 465 4258 pcc
479 4204 510 4245 se
524 4188 634 4245 haeresis
650 4190 826 4262 Eutychiana,
842 4207 922 4262 qnam

134 4281 169 4335 sit
180 4279 441 4336 lunestaCbristiano
451 4291 630 4351 sacramento,
644 4280 751 4351 possitis
764 4298 921 4352 agnoscere,

134 4373 183 4429 sed
197 4381 293 4441 quanta
307 4381 335 4427 et
348 4385 427 4443 quam
443 4371 533 4442 gracia
547 4373 660 4429 haeresis
671 4372 722 4428 ista
733 4374 759 4429 in
774 4374 814 4429 sui
828 4375 924 4431 delini·

135 4470 209 4520 tione
222 4466 366 4520 contineat.
390 4464 459 4521 Ecce
472 4464 505 4519 ad
518 4480 578 4536 qun
596 4480 645 4521 tros
668 4467 812 4536 ιιιιῑιίιιι
823 4470 923 4524 conde·

978 3568 1028 3622 pax
1042 3552 1138 3615 solida,
1158 3550 1323 3618 inconvulsa,
1342 3560 1370 3606 et
1385 3551 1526 3620 perennis;
1542 3549 1593 3605 hoc
1610 3561 1691 3605 unum
1710 3545 1770 3601 rin·
1836 3624 1839 3630 Ι

976 3645 1065 3700 cnlrrm
1080 3646 1161 3714 (sieut
1172 3645 1253 3700 etiarn
1268 3645 1327 3714 lpse
1340 3642 1490 3714 desideras)
1504 3642 1623 3698 salutare
1637 3655 1690 3708 quo
1703 3652 1770 3695 cun·

976 3746 1017 3791 cta
1039 3737 1107 3792 antri
1128 3735 1212 3806 possit
1224 3735 1353 3793 Ecclesia.
1379 3735 1435 3791 lloc
1454 3733 1550 3806 quibus
1572 3742 1615 3790 est
1636 3730 1768 3788 creditum

976 3829 1058 3900 (sicut
1074 3836 1102 3885 et
1119 3832 1177 3899 lpse
1192 3827 1356 3901 deprecaris)
1376 3825 1508 3898 protectio
1526 3824 1616 3882 diuina
1636 3821 1767 3894 perficiat.

977 3921 1103 3985 flacceat,
1125 3937 1184 3993 quc
1198 3920 1269 3976 Deus
1286 3930 1337 3985 ert,
1357 3919 1452 3974 caritas
1471 3916 1498 3988 (1
1516 3917 1596 3972 doun.
1614 3915 1663 3985 ιι),
1688 3927 1770 3983 quam

977 4013 1063 4082 poscis
1082 4012 1115 4067 de
1132 4013 1208 4067 corda
1224 4028 1301 4082 puro,
1316 4019 1340 4064 ιι
1358 4009 1510 4065 conscientia
1524 4009 1600 4072 bono,
1615 4014 1640 4061 et
1651 4003 1704 4073 fide
1716 4018 1769 4059 nott

976 4106 1037 4173 ficto
1051 4104 1076 4176 (f
1090 4104 1157 4158 Tim.
1174 4105 1206 4172 r).
1221 4101 1360 4170 Quomodo
1373 4113 1438 4169 crgo
1450 4100 1482 4152 de
1495 4097 1572 4152 corde
1584 4109 1661 4164 puro,
1675 4093 1698 4148 si
1713 4093 1769 4147 bae·

975 4195 1120 4250 reticorum
1150 4192 1230 4247 fuerit
1251 4189 1454 4260 participatione
1480 4187 1600 4258 polluta?
1627 4183 1769 4253 Quomodo

975 4288 1130 4342 conscientia
1143 4286 1220 4352 tono,
1237 4285 1259 4341 si
1274 4283 1406 4339 malorum
1426 4282 1505 4338 luerit
1527 4279 1685 4336 confusione
1707 4292 1770 4348 per·

975 4377 1080 4432 mista?
1099 4376 1239 4445 Quomodo
1257 4375 1309 4445 lide
1321 4390 1372 4430 ιιι
1387 4374 1459 4441 ficta,
1474 4373 1496 4429 si
1511 4372 1590 4428 fuerit
1605 4370 1689 4426 mixta
1705 4383 1767 4424 cum

976 4466 1102 4538 perfidis?
1121 4467 1185 4535 Quas
1198 4466 1220 4522 si
1234 4465 1372 4537 prudentia
1389 4475 1433 4521 tua
1446 4464 1528 4536 (sicut
1538 4478 1597 4518 eam
1612 4461 1767 4533 precamur)

134 4560 263 4614 scandere
275 4558 436 4628 provocatis,
460 4567 541 4628 atque
555 4557 588 4613 ad
601 4559 725 4629 quaeJnos
737 4560 801 4615 uitae
815 4571 924 4618 aeterne
937 4541 964 4604 Ῑ)
976 4559 1117 4629 diligenter
1132 4557 1265 4622 advertat,
1278 4556 1405 4627 perspicit
1417 4556 1590 4625 apostolicam
1604 4551 1698 4609 sedent
1713 4565 1767 4607 non

134 4652 253 4721 pericula
266 4654 363 4723 cupitis
383 4653 522 4709 inclinare.
539 4654 595 4710 lloo
604 4653 742 4710 descensu
763 4656 866 4712 saltare
881 4665 925 4713 est

133 4751 318 4812 egrotantem,
339 4760 372 4799 an
385 4759 447 4800 cum
467 4746 609 4816 languente
630 4745 773 4802 consumil
796 4747 859 4803 llaee
871 4748 923 4805 erit

134 4849 157 4899 o¹
170 4835 234 4889 tima
253 4834 393 4905 dispositio
418 4836 490 4891 illius
513 4852 592 4907 quam
617 4850 751 4892 memoras
766 4838 924 4909 reparandae

134 4925 294 4994 concordiae,
313 4941 347 4981 an
361 4927 407 4981 illa
422 4928 521 4996 potius,
546 4935 574 4982 ιι
587 4928 696 4999 rejectis
710 4928 841 5000 contagiis
861 4943 924 5000 per·

134 5017 258 5080 lidorum,
279 5019 383 5089 integra
405 5018 467 5085 fide,
490 5020 593 5075 sincera
614 5019 656 5075 sui
670 5022 859 5077 communione
873 5036 923 5093 po-

135 5110 214 5162 tiatur
222 5109 374 5163 communio
384 5109 516 5165 catholica
528 5119 608 5181 atque
620 5111 778 5180 apostolica,
790 5127 823 5166 ne
836 5112 923 5167 haere·

135 5199 246 5254 ticorum
270 5198 331 5255 tabe
350 5200 474 5270 depulsa,
495 5201 683 5256 intemeratam
706 5215 762 5257 suas
779 5201 839 5257 idei
860 5216 923 5258 eoo·

133 5291 276 5346 fossionem
297 5293 399 5348 nitatur
418 5304 557 5359 astruere,
577 5303 658 5365 etque
681 5295 796 5351 invicem
808 5296 917 5352 sibimet

132 5383 302 5453 congruentis
312 5384 469 5440 orthodoxas
478 5383 653 5455 professionis
666 5389 919 5459 communionisque

130 5473 166 5530 sit
178 5474 282 5531 unitas?
303 5475 378 5532 lianc
389 5475 471 5546 (sicut
482 5475 634 5532 dilectionis
648 5486 700 5531 tuae
714 5476 812 5531 litterae
821 5478 919 5534 cobor-

166 5681 176 5714 ¹
190 5682 270 5738 Forte
282 5685 367 5752 potiris
379 5685 488 5743 caimos.
503 5683 634 5740 thoum.

975 4652 1060 4707 uitare
1087 4666 1198 4722 pacem,
1225 4650 1272 4705 scd
1308 4649 1495 4704 haereticorum
1524 4647 1768 4714 damnatorumque

975 4745 1061 4799 vitare
1081 4743 1192 4810 vestigia
1208 4740 1255 4814 [cl.
1272 4738 1414 4811 contagial.
1439 4738 1505 4808 Quae
1526 4738 1607 4792 etiam
1621 4749 1668 4790 sos
1683 4733 1766 4789 ratio·

974 4826 1625 4896 nabiliterintuentcs,creditis¹commonendum
1636 4824 1765 4895 populum

974 4925 1319 4995 constantinopolitanum,
1346 4937 1400 4978 rron
1424 4924 1579 4990 permittere
1610 4915 1766 4973 submoneri

975 5022 1083 5075 nomine
1109 5018 1281 5088 perfidorum.
1304 5014 1433 5084 Quisnam
1449 5015 1499 5068 boc
1518 5012 1544 5066 in
1563 5009 1683 5066 Ecclesia
1705 5008 1765 5076 Dei,

974 5128 1065 5184 quaeso
1079 5122 1115 5180 tc,
1133 5112 1214 5181 possit
1230 5109 1332 5174 audire,
1348 5123 1409 5162 cum
1425 5106 1516 5176 utique
1530 5117 1667 5179 pastorem
1687 5107 1764 5180 sequi

974 5222 1038 5277 grex
1062 5206 1159 5261 debeat
1180 5203 1213 5259 ad
1231 5216 1328 5274 pascua
1348 5201 1475 5256 saltatoria
1499 5211 1687 5265 revocantem,
1710 5214 1765 5255 non

975 5315 1022 5369 per
1041 5298 1116 5354 deria
1132 5312 1239 5368 gregem
1255 5303 1347 5364 pastor
1365 5290 1524 5348 erranteml
1548 5292 1596 5346 llic
1609 5291 1686 5357 rnilri,
1699 5305 1765 5359 rogo

976 5401 1012 5460 te,
1025 5407 1089 5462 grex
1105 5405 1153 5460 pro
1164 5399 1201 5454 tc,
1215 5403 1249 5443 an
1266 5397 1292 5442 tu
1304 5402 1353 5458 pro
1368 5400 1447 5456 grege
1461 5382 1614 5440 redditurus
1630 5398 1659 5437 os
1678 5380 1765 5434 ratio·

973 5484 1057 5540 nemi
1079 5484 1159 5538 Certe
1176 5483 1198 5536 si
1220 5480 1294 5536 robis
1309 5480 1361 5535 hoc
1376 5480 1471 5549 placet,
1485 5476 1568 5531 multo
1584 5471 1668 5543 magis
1682 5484 1762 5529 ιιιιι

130 5566 232 5639 ιιιιιι)
245 5568 313 5622 meis
323 5581 428 5638 quoque
443 5569 606 5639 temporibus
618 5566 757 5636 custodiri,
778 5582 830 5638 qna
840 5569 917 5628 valeo
971 5585 1014 5632 est
1026 5589 1104 5630 oonrs
1116 5573 1224 5645 quatior,
1244 5574 1290 5645 qui
1312 5575 1439 5646 populum
1453 5571 1602 5627 llomonum
1617 5580 1632 5619 a
1648 5563 1702 5622 lide
1714 5563 1762 5624 itta

164 5751 270 5809 ’Forte
290 5754 518 5817 commonendum:
536 5753 562 5809 in
581 5754 694 5819 bellom,
716 5755 905 5822 opponendam.
920 5756 1053 5816 11ιιιιιιι.
