3816 6120
130 255 182 315 bii

132 367 266 421 Excusms
278 362 355 421 linxit
365 363 462 435 jecisse
477 377 525 434 per
538 375 600 417 aera
615 373 712 427 cuspes,

135 456 186 512 Pro
200 457 260 511 telis
276 455 392 527 spatiosa
407 467 502 509 manus
513 451 584 523 quod
594 450 701 505 turbine
713 457 818 503 montes

129 547 287 615 sparserit,
302 557 328 603 ct
343 546 431 602 missis
444 545 542 601 eaelum
553 539 720 612 quassaverit
734 536 816 593 arsis.

171 638 234 694 llaec
248 641 533 709 sumpriscurumquc
544 637 577 692 de
588 645 693 690 terrore
704 633 839 704 gigantum

134 727 259 786 Carmine
275 729 465 785 mentitoGraii
479 728 602 784 cecinere
615 736 711 797 poelae.

138 820 170 875 Et
184 830 271 876 tamcu
286 821 378 878 audaci
390 821 474 877 roluit
485 820 650 876 comendae
663 830 748 887 pugna

72 933 74 938 ·
137 912 254 983 Quisque
274 914 380 970 rebellis
393 924 470 969 crat:
486 911 531 983 qui
543 927 602 966 cum
614 910 760 981 confligere
777 907 838 964 telis

139 1002 196 1059 Non
210 1005 310 1072 potuit,
324 1005 405 1060 saris
416 1003 538 1074 concepit
551 1003 640 1072 pratia
654 1003 731 1058 rotis.

139 1093 270 1148 bluntitsus
286 1092 425 1162 impositos
441 1094 481 1149 las
493 1109 545 1149 non
560 1104 601 1149 est
614 1093 724 1149 credere
739 1099 856 1158 montes,

140 1182 292 1240 nontamen
306 1192 334 1240 rt
344 1185 474 1254 deinceps
489 1184 550 1240 illus
563 1193 681 1240 tenuasse
695 1182 803 1253 putabo,

138 1272 189 1339 Qui
200 1283 291 1330 coctas
301 1274 413 1345 lateres,
429 1276 554 1346 lentoque
564 1274 695 1330 bitumine
703 1273 821 1343 punctos,

139 1363 168 1418 ln
179 1364 294 1421 sublime
307 1366 356 1420 rati
368 1366 491 1422 manibus
506 1366 544 1421 sic
560 1381 637 1436 posse
647 1365 770 1436 superbis

139 1455 260 1521 Sustnlli,
276 1465 303 1510 et
315 1457 401 1512 celsas
412 1457 437 1510 in
451 1457 539 1513 sidera
552 1472 663 1529 surgere
674 1459 777 1513 moles:

139 1543 206 1599 Crrm
218 1546 318 1603 lureret
329 1548 441 1604 mortale
451 1565 551 1618 genus,
564 1564 695 1620 cassoque
710 1550 802 1605 labore

140 1634 216 1690 irrita
234 1638 395 1694 transcensis
407 1648 538 1695 cunneuta
552 1639 663 1696 inferret
678 1641 703 1695 in
717 1642 799 1695 allum

140 1726 276 1792 Nubibus.
292 1738 320 1784 et
332 1730 452 1801 refugum
464 1741 620 1801 sequeretur
634 1734 756 1788 macltina
765 1734 876 1803 coelum,

140 1817 198 1872 Non
213 1820 444 1887 uinulentum,
460 1823 580 1878 subditas
592 1823 726 1880 discordia
738 1825 841 1896 linguas

140 1910 224 1976 Quam
240 1910 326 1976 daret,
341 1921 369 1969 ct
380 1915 471 1970 rarius
482 1915 660 1970 eortlunderet
673 1918 762 1971 sumnia
775 1932 874 1973 senno.

178 2000 244 2056 llinc
254 2017 376 2070 sparsum
391 2003 494 2068 lardus.
506 2007 589 2062 scissa
605 2007 644 2061 sic
657 2007 715 2078 lege
726 2007 852 2074 loquendi

140 2093 307 2148 eonsensum
319 2095 450 2152 scelerum
462 2098 567 2153 turbata
580 2097 704 2168 superbia
721 2099 807 2168 rupit,

142 2182 209 2237 trum
223 2197 253 2240 se
267 2185 378 2257 quisquc
393 2187 460 2257 suis,
477 2191 562 2258 possit
574 2205 633 2258 qus
646 2204 768 2257 noscere,
781 2189 870 2246 verbis

141 2272 284 2344 aggregat,
294 2283 373 2346 atque
381 2279 589 2348 novassequitur
601 2295 665 2349 gens
675 2296 789 2352 qunque
800 2281 929 2351 loquelas.

141 2362 186 2418 Sic
200 2365 355 2438 interruptae
366 2369 502 2438 perierunt
515 2370 630 2426 eulmina
646 2389 752 2440 masse,

143 2453 298 2526 illectuque
310 2471 404 2514 careus
418 2460 532 2517 cessarit
545 2461 570 2517 iu
587 2463 687 2520 aelltere
699 2465 788 2520 turris.

142 2544 206 2601 llmc
219 2556 280 2616 pust
291 2548 432 2605 diluuium.
444 2552 509 2605 Nam
521 2562 632 2621 quantas
646 2571 705 2624 qum
715 2565 836 2621 termene
845 2558 933 2628 prisco

142 2637 237 2693 Pressa
251 2639 395 2710 giganteas
410 2644 486 2699 tellas
500 2647 653 2715 produxerit
664 2664 755 2715 arces,

142 2728 229 2800 Atque
239 2732 369 2789 incessitis
383 2747 565 2805 contemptum
581 2740 719 2796 immiserit
735 2743 825 2808 astris,

142 2821 319 2892 abstergente
329 2824 385 2879 Ilco
396 2834 438 2880 sat
449 2837 540 2883 nostra
551 2830 656 2885 silentia
669 2831 807 2888 damnant.

176 2911 310 2969 Cernebat
320 2916 424 2985 patiens
435 2919 489 2988 jam
503 2920 602 2975 dudum
614 2922 706 2978 insana
721 2925 836 2980 lremcut
846 2942 866 2982 ·s

125 3002 282 3062 ‘Terrarum
299 3010 410 3079 populos
425 3009 564 3067 bominum
579 3028 722 3087 rerumque
735 3015 859 3082 Creator,

143 3091 307 3164 {despectans
317 3097 339 3152 si
350 3114 429 3169 quem
442 3099 503 3155 vani
518 3104 651 3159 consortia
663 3106 752 3162 mundi

143 3183 317 3257 Linquentcm
332 3192 427 3248 melior
443 3205 550 3250 monent
561 3198 719 3267 resipiscere
732 3215 805 3256 cura.

142 3275 193 3331 Sed
208 3278 364 3348 conjuratus
376 3294 516 3355 postquam
531 3301 688 3358 percurrere
702 3300 821 3361 roeptum

144 3366 302 3424 perditionis
314 3373 365 3427 iter
375 3375 477 3439 statuit,
494 3389 657 3450 sensumque
670 3396 718 3451 pcr
732 3398 840 3440 onmem

143 3459 263 3515 llbtinuit
273 3463 359 3518 riretor
370 3468 470 3534 peccati
482 3470 595 3539 insignia
610 3474 738 3541 mundus,

143 3548 197 3602 Nec
211 3564 338 3607 revocare
352 3554 463 3623 gratinus
480 3559 631 3630 quisquam,
644 3577 820 3636 gressumque
834 3568 935 3626 referre

145 3641 341 3713 i'raecip'tijam
356 3657 446 3705 meulc
462 3660 563 3720 potest,
575 3654 827 3726 etlrurruitauctor,

145 3731 322 3806 P·errituitque
338 3737 430 3795 videns
451 3750 535 3798 tutam
550 3745 620 3814 quod
634 3747 727 3803 lecerit
742 3750 844 3806 urbem.

143 3822 210 3878 'ium
227 3829 293 3882 tales
306 3830 425 3889 tonuisse
440 3836 527 3890 minas
542 3847 692 3895 commotus
707 3840 812 3898 abalto

144 3917 257 3988 remur,
274 3928 300 3975 ct
314 3922 416 3979 excitas
428 3925 534 3984 laxasse
547 3927 587 3984 lais
604 3929 713 3985 crucibus
729 3933 793 3989 iras.

179 4008 201 4062 0
215 4010 296 4066 nullis
308 4021 422 4070 attracta
434 4015 521 4085 bonis,
539 4020 673 4091 urdlisquc
689 4038 811 4094 rcprcssa

144 4101 276 4172 bogiltus;
288 4107 398 4177 antiquo
412 4118 516 4166 tanturn
529 4110 661 4169 submissa
673 4114 792 4185 draconi,

145 4192 232 4249 Eliera
247 4210 312 4265 gens
324 4195 474 4269 bominum,
485 4202 565 4259 ducto
580 4206 731 4277 corruptior
742 4223 809 4264 reru.

144 4284 202 4341 Nou
218 4289 300 4346 Eram
310 4293 441 4350 cecidisse
452 4305 494 4352 sat
505 4308 563 4365 est;
580 4302 777 4359 transcenditur
788 4307 862 4361 aursni

145 4376 270 4433 lusentor
285 4380 350 4435 lellti
363 4383 438 4451 lapsu
450 4399 458 4438 a
471 4401 522 4441 ncc
535 4388 634 4444 sulbcit
647 4390 721 4456 illud,

719 246 748 304 S.
769 243 860 301 atttt
879 239 1077 300 tztsrtrtttrtsts

938 350 1141 412 attrectantes
1156 354 1233 421 rivis,
1252 352 1381 424 carnique
1396 342 1446 410 ltic‘
1454 354 1582 409 terminus
1592 364 1662 410 esto.

1714 237 1767 295 bib

977 445 1021 501 Sic
1031 454 1109 516 pater
1122 455 1241 502 aternus
1251 447 1397 517 disponens
1412 446 1503 503 lunera
1516 462 1618 511 rerum,

979 536 1112 593 bilariam
1127 537 1220 594 dextra
1236 547 1322 593 terras
1334 538 1456 594 vibrabat
1470 537 1497 592 iu
1511 552 1616 592 onustus.

1014 627 1118 684 luterca
1131 629 1333 701 plenofrirebat
1344 629 1432 697 justus
1447 629 1473 684 in
1489 627 1555 685 urbe

980 720 1054 775 Unus
1069 722 1161 784 borno,
1174 731 1200 777 et
1209 730 1326 776 mentem
1340 721 1414 776 solus
1430 719 1555 774 seruabat
1565 718 1717 775 honestam.

979 812 1071 870 Nullus
1082 823 1144 869 ruta
1158 813 1214 869 lieo
1226 812 1304 869 donis
1316 813 1494 883 precibusque
1507 809 1612 867 lerebat

981 906 1056 962 lluuc
1067 914 1173 977 preter,
1187 905 1296 976 dignum
1311 920 1390 976 quem
1403 919 1524 961 summus
1534 902 1612 960 laude
1624 901 1736 959 Creator

980 996 1086 1064 Nosset,
1101 1006 1128 1052 et
1141 1005 1281 1068 exceptum
1298 998 1358 1052 vitm
1368 1010 1478 1052 serrare
1490 1004 1608 1066 pararet.

980 1089 1136 1146 stemmatis
1150 1089 1194 1145 lric
1207 1089 1310 1156 sancti;
1326 1104 1388 1144 nam
1402 1089 1477 1144 claro
1490 1086 1588 1143 nobilis
1601 1085 1657 1141 ibat

981 1182 1003 1236 Α
1019 1197 1134 1252 proavo,
1146 1196 1225 1253 quem
1240 1180 1328 1251 prisca
1340 1180 1405 1236 lldes
1420 1190 1446 1234 el
1459 1179 1565 1235 conscia
1581 1178 1667 1234 uirtus

981 1274 1010 1329 lu
1023 1275 1119 1330 roelum
1133 1276 1191 1330 sine
1205 1285 1291 1333 morte
1306 1274 1367 1329 tulit
1384 1290 1390 1327 :
1406 1273 1445 1328 sic
1461 1273 1532 1328 celsa
1546 1271 1649 1343 petenti

981 1367 1116 1424 Successit
1132 1382 1228 1440 magno
1241 1381 1292 1423 uon
1308 1367 1395 1436 impar
1411 1380 1544 1434 pronepos
1557 1373 1630 1419 actu.

981 1461 1036 1517 Nec
1048 1461 1107 1531 plus
1120 1468 1162 1516 est
1172 1460 1245 1515 ullum
1257 1458 1322 1513 salri
1337 1473 1399 1512 cum
1412 1457 1533 1527 corporis
1546 1471 1595 1511 usu

980 1554 1114 1610 Tcrreuas
1122 1552 1231 1623 liquisse
1242 1550 1347 1616 dornos,
1362 1549 1475 1604 intrasse
1488 1562 1629 1618 supernas.
1722 1538 1730 1553 '

983 1647 1102 1715 beruiquc
1113 1657 1167 1714 quo
1179 1642 1282 1714 priscus
1293 1638 1428 1711 quondam
1440 1652 1522 1693 cnnsc
1531 1636 1635 1692 ndcrat
1647 1634 1739 1691 Errnelr

945 1717 1056 1792 Biulias
1071 1750 1151 1790 curru
1165 1741 1227 1803 post
1239 1742 1360 1802 tempera
1375 1730 1452 1799 lunga
1468 1740 1585 1795 secutus,

981 1825 1114 1883 Scriltitur
1128 1824 1218 1895 ignitis
1231 1822 1363 1880 scandens
1376 1830 1532 1892 penetrasse
1545 1818 1696 1891 quadrigis,

982 1916 1049 1971 Cum
1064 1930 1195 1984 suspensa
1205 1913 1279 1969 loves
1292 1911 1487 1968 transmitteret
1499 1908 1585 1964 orbita
1601 1917 1712 1973 remus,

983 2009 1086 2078 Ungula
1100 2008 1142 2063 rel
1162 2015 1294 2076 premeret
1308 2004 1424 2060 calcatas
1439 2001 1558 2073 pondere
1572 2000 1669 2056 sunites.

985 2099 1171 2168 vallatumque
1185 2096 1275 2152 lereus
1284 2104 1405 2151 sanctum
1417 2109 1470 2149 non
1485 2103 1571 2147 ureret
1584 2091 1669 2161 iguis,

985 2191 1016 2243 Et
1033 2200 1122 2244 motus
1136 2202 1247 2242 serraus
1269 2186 1385 2241 nesciret
1401 2185 1507 2240 llantma
1522 2183 1651 2238 calorem.

986 2282 1037 2337 llos
1054 2282 1135 2353 igitur
1147 2281 1212 2333 satis
1225 2287 1267 2333 cst
1279 2280 1376 2335 coelum
1388 2264 1617 2348 putuisse'merrri

985 2373 1163 2428 blembrorom
1174 2371 1292 2440 sublege
1303 2371 1384 2433 sitos;
1397 2367 1444 2423 scd
1460 2374 1612 2422 nontamen
1624 2361 1690 2420 lllnd

985 2463 1101 2536 Segnius
1114 2463 1250 2525 admirer,
1265 2462 1350 2517 sancti
1362 2462 1432 2532 quud
1444 2470 1564 2529 teurpora
1576 2458 1633 2513 line

986 2557 1067 2612 Usum
1079 2555 1114 2611 ob
1127 2553 1264 2620 rrreritum,
1276 2554 1345 2608 natis
1359 2552 1522 2622 turribusque
1536 2550 1644 2605 tuendis

984 2647 1063 2702 tlrbts
1079 2646 1104 2701 iu
1115 2643 1202 2700 exitio
1216 2652 1360 2715 potuerunt
1371 2642 1576 2698 lcrresalutrm.

1022 2738 1070 2792 litt
1080 2737 1124 2792 ille
1135 2735 1161 2791 in
1172 2735 1259 2802 coelis,
1273 2749 1387 2791 urrtmero
1395 2734 1565 2805 prestantior
1576 2734 1662 2798 omni,

986 2828 1199 2899 angelicusslne
1213 2825 1266 2882 lluc
1281 2825 1392 2893 citurus,
1405 2826 1450 2895 qui
1466 2824 1543 2880 laude
1558 2826 1669 2895 pereuni

985 2920 1142 2976 Corsulamat
1155 2918 1325 2989 celebratque
1337 2917 1432 2983 boum,
1445 2915 1601 2972 famulantia
1611 2924 1708 2972 'suturas

988 3013 1072 3069 Ferre
1086 3012 1247 3080 ministeria,
1262 3021 1290 3066 ct
1300 3010 1382 3081 jussis
1394 3024 1488 3080 parcre
1500 3009 1636 3078 superuis.

947 3088 973 3156 0
990 3104 1019 3160 lli
1031 3119 1102 3159 nuuc
1112 3104 1182 3174 quad
1195 3114 1296 3159 rectum
1313 3101 1436 3158 mortalia
1448 3102 1529 3157 corda
1543 3112 1704 3173 precantur,

985 3195 1140 3265 Concipitur
1153 3195 1241 3267 dignis
1252 3209 1329 3250 sacro
1343 3193 1413 3265 quod
1430 3204 1538 3264 pectore
1551 3194 1633 3261 rotis,

985 3285 1119 3356 Quidquid
1133 3286 1204 3357 largn
1219 3301 1314 3341 manus
1325 3286 1449 3341 collectio
1460 3295 1569 3357 sparget
1581 3289 1673 3357 egen's
1685 3327 1693 3350 ,

989 3381 1142 3452 Excipiunt,
1159 3391 1306 3450 sanctoque
1322 3378 1410 3436 lerunt
1423 3394 1504 3448 super
1518 3390 1590 3433 astra
1607 3380 1707 3434 rulatu.

985 3473 1054 3542 Quin
1067 3474 1147 3529 etiam
1161 3473 1259 3543 iustus,
1271 3472 1447 3543 lragilisdum
1459 3473 1511 3526 rita
1527 3472 1640 3544 irrigat,

986 3565 1128 3630 Tutantur,
1144 3564 1234 3618 muudi
1246 3579 1289 3631 que
1304 3564 1373 3620 inter
1387 3561 1541 3618 discrimina
1555 3575 1674 3620 serrant.

987 3656 1039 3711 Sed
1052 3666 1139 3711 tamen
1152 3655 1177 3709 in
1191 3657 1293 3709 cunctis
1309 3654 1438 3725 praecellit
1450 3654 1550 3709 clarior
1564 3655 1620 3720 ille,

988 3749 1101 3804 blasima
1115 3764 1227 3819 quaque
1239 3747 1285 3803 bei
1299 3763 1351 3819 quo
1366 3746 1542 3817 dispensante
1555 3746 1684 3802 ministro

988 3840 1040 3896 lles
1053 3842 1165 3911 geritur,
1176 3839 1341 3910 strnumisque
1356 3847 1433 3906 parat
1447 3841 1574 3909 mysteria
1589 3840 1689 3894 causis.

989 3933 1037 3989 llic
1048 3932 1189 3988 bominum
1203 3932 1263 3987 coeli
1277 3940 1418 3987 uenturum
1433 3946 1548 4000 corpure
1562 3941 1671 4002 sumptu

990 4024 1106 4097 Virginis
1117 4025 1243 4080 intactam
1255 4024 1346 4095 jussus
1357 4024 1480 4100 predixit
1492 4025 1517 4080 in
1528 4026 1637 4091 altum,

989 4117 1125 4186 Sacraque
1137 4114 1222 4171 dotali
1233 4115 1379 4185 complevit
1389 4115 1492 4170 viscora
1505 4114 1600 4180 serbo,

991 4205 1040 4262 llic
1051 4213 1079 4261 et
1089 4205 1214 4276 Baptista
1220 4220 1388 4275 praecurrens
1401 4205 1509 4261 nuntius
1519 4216 1621 4270 ortum,

992 4301 1135 4369 uesperam
1148 4299 1193 4355 diu
1206 4298 1270 4355 dum
1281 4298 1366 4355 lerrct
1378 4301 1497 4369 germina
1513 4299 1596 4369 patri,

989 4392 1061 4447 luter
1072 4405 1149 4447 sacra
1164 4391 1251 4447 sirum
1265 4393 1423 4456 conterruit,
1435 4401 1462 4446 et
1475 4391 1628 4448 dubitantes

145 4467 216 4524 llicit
229 4470 397 4540 inexpertum
412 4474 483 4544 quod
495 4490 606 4547 serpens
621 4482 750 4550 pristinus
764 4483 861 4542 ddarn.
951 4451 977 4514 υ
991 4484 1116 4542 Protinus
1131 4485 1236 4556 ingrato
1248 4482 1386 4540 restrinxit
1400 4483 1426 4539 in
1442 4498 1489 4540 ore
1501 4483 1640 4553 loquelas,

144 4557 202 4614 Non
216 4571 401 4619 contentarum
416 4564 510 4622 loedari
522 4569 575 4623 rita
587 4581 713 4641 parente,

145 4651 260 4708 uuecm
274 4665 386 4710 mortem
398 4658 507 4728 propria
521 4661 619 4718 uirtute
632 4666 740 4721 mereri.

147 4741 327 4810 Exspectasse
339 4743 383 4798 diu
395 4761 448 4802 uon
463 4747 578 4816 proluit;
594 4751 704 4823 insuper
714 4769 794 4814 omne

145 4829 309 4888 Concessum
321 4835 402 4890 venia
413 4848 561 4906 rapuerunt
572 4841 683 4898 erimina
696 4853 811 4917 tempus.

145 4920 204 4975 lam
220 4922 331 4978 nimium
345 4924 438 4996 longas
451 4929 577 4999 patientia
589 4938 717 5002 presserlt
729 4936 784 4994 iras
799 4953 807 4993 a

148 5011 278 5087 l'iudictae
291 5014 346 5085 jam
360 5027 465 5087 tempus
479 5020 565 5076 adest.
579 5021 638 5078 lion
654 5024 765 5083 lulmina
779 5029 849 5086 coelu

146 5103 300 5162 stanneus
317 5107 484 5180 ardoragct;
501 5122 634 5170 rastonec
645 5117 722 5172 cedet
735 5117 809 5174 biatu

145 5194 211 5264 Quas
222 5199 351 5265 premitur
363 5200 446 5256 nimiu
459 5205 635 5262 succumbens
650 5215 721 5263 terra
736 5210 852 5267 tumultu
869 5229 876 5266 :

146 5287 199 5343 Sed
214 5291 327 5347 sordens
338 5293 411 5348 vitiis
426 5294 505 5351 llnctu
525 5296 660 5355 delebitur
674 5300 757 5358 orbis.

146 5383 187 5437 Ad
201 5383 283 5439 cbaos
296 5386 435 5458 antiquum
447 5391 552 5459 species
564 5393 698 5450 mundana
715 5408 846 5465 recurrat,

147 5473 229 5544 loque
242 5490 304 5531 suas
316 5478 428 5534 redeant
438 5481 569 5538 nudarum
584 5484 703 5553 pondera
718 5487 809 5546 sedcs.

146 5565 226 5623 Arida
239 5569 350 5628 dccedat
361 5572 485 5645 lymphis,
500 5592 644 5649 rursusque
658 5581 776 5651 sepultas

147 5657 288 5721 Terrarum
303 5666 406 5738 species
421 5667 543 5728 ialurmis
560 5681 685 5742 contegat
699 5672 807 5732 humor.

993 4578 1082 4633 llottec
1096 4575 1225 4647 praedicto
1237 4575 1377 4631 secundam
1389 4574 1516 4630 redderet
1524 4584 1586 4630 ortu

993 4669 1078 4724 Prolis
1091 4683 1183 4736 anum,
1196 4667 1281 4724 multo
1292 4667 1391 4724 sterilis
1403 4683 1463 4738 quas
1478 4674 1550 4722 tenta
1563 4682 1611 4738 per
1618 4681 1715 4732 annos,

991 4762 1071 4818 Fudit
1084 4759 1209 4816 dilldens
1220 4758 1299 4816 clieta
1314 4773 1446 4829 puerpera
1458 4757 1550 4812 ictuum.

993 4853 1040 4910 llic
1052 4867 1141 4910 rerum
1155 4852 1240 4907 solers
1250 4863 1426 4920 summusque
1438 4849 1626 4919 archangelus,
1639 4849 1694 4905 alto

992 4945 1079 5000 terea
1093 4958 1141 5014 per
1155 4941 1295 5014 liquidum,
1311 4941 1413 4997 leuibus
1428 4938 1609 4996 circumdatus
1623 4941 1708 5009 auris,

991 5033 1167 5105 vibratasque
1178 5048 1288 5089 marens
1301 5032 1385 5104 ignito
1396 5031 1422 5087 in
1437 5046 1550 5101 corpore
1561 5045 1676 5100 pennas,

990 5127 1059 5182 Nulli
1073 5127 1224 5197 conspectis
1234 5126 1267 5180 ad
1284 5133 1383 5180 terram
1400 5124 1516 5179 motibus
1526 5124 1592 5179 ibat.

990 5220 1023 5276 Et
1036 5229 1092 5276 tum
1109 5219 1176 5275 lorte
1185 5232 1297 5290 gemens
1307 5226 1464 5274 cunctorum
1475 5217 1587 5273 erimina
1601 5216 1659 5273 Noe

990 5310 1096 5366 lnllexis
1110 5320 1209 5367 stratus
1219 5311 1348 5380 genibus,
1361 5323 1422 5363 cum
1437 5307 1556 5378 supplice
1568 5307 1676 5377 planetu

990 5401 1254 5469 blandanisseniam,
1271 5399 1369 5456 mundo
1384 5398 1503 5465 nolente,
1520 5398 1639 5467 petebat.

989 5493 1055 5548 Cum
1071 5494 1160 5549 subito
1170 5493 1270 5550 clausis
1288 5491 1390 5548 loribus
1405 5501 1468 5547 tanc
1478 5488 1561 5560 aliger
1576 5490 1658 5547 intrat

989 5583 1165 5654 Ccutspiruus,
1177 5584 1250 5640 clarc
1264 5582 1439 5652 resplendens
1451 5582 1561 5637 nuntius
1577 5596 1638 5639 ore.

988 5676 1125 5736 linrrescit
1138 5677 1195 5736 visu
1209 5685 1284 5736 tauto
1294 5677 1454 5746 perterritus
1468 5673 1561 5746 beros,
