3816 6120
97 292 145 354 989
639 300 780 360 ltollttln
801 303 845 358 tte
864 300 1129 367 uacationibus
1663 321 1717 383 190

96 416 170 469 tiosts
194 410 316 469 secundo
339 412 598 484 Constantinopolim
631 417 772 474 destinata
801 421 874 474 ausuri
890 421 999 484 Aeuim
1023 422 1383 495 uopnnrittratejmicium,
1397 427 1462 485 dunt
1476 443 1530 487 uon
1545 430 1722 506 iudicatpro-

94 504 300 574 mpeeutimris
312 504 553 574 studioJusseritis‚
567 520 617 561 nec
631 508 693 577 qnid
707 509 778 565 lilius
790 522 880 566 uester
930 525 1020 581 spera,
1043 515 1173 570 sensisset
1185 514 1308 571 aduersa.
1324 517 1372 574 liis
1386 518 1530 590 adjicitur,
1542 524 1614 594 quod
1626 524 1718 582 diter·

93 603 198 652 nactus
212 594 296 650 irater
319 608 397 651 meus
411 596 546 651 linnodius
558 597 681 653 retulerit
695 639 703 665 ,
727 614 776 654 uec
789 610 877 654 atrurn
929 616 1020 659 summ
1033 602 1085 658 uda
1100 605 1231 661 relatione
1245 609 1440 678 comperimus,
1455 612 1489 667 de
1502 614 1719 672 reconciliatione

91 693 181 742 secuta
195 684 307 741 redierit
323 684 470 750 indicastis,
489 695 517 740 et
537 690 744 754 promissionem
760 701 878 745 vestram
930 695 974 750 rel
984 697 1128 752 concordis
1142 697 1269 754 Ecclesia
1279 698 1718 771 RomanmiactitareseGreciam;

93 784 162 831 nats
180 776 281 831 silentii
302 775 478 832 diuturnitate
490 779 662 847 suspenditis,
679 788 708 833 ut
721 794 774 835 nou
790 780 878 835 mitius
929 783 999 854 quod
1013 786 1084 840 sicut
1104 788 1339 857 amplectendum,
1363 790 1386 845 si
1408 793 1648 850 veraciterdicitur
1660 836 1668 857 .
1682 797 1718 851 ita

93 866 170 922 modo
195 866 380 936 predicatoris
410 869 578 923 taciturnitas
606 870 701 924 rcddat
725 873 878 939 attonitos,
928 877 1101 932 metuendum
1132 887 1174 933 cst
1195 893 1230 935 no
1259 879 1355 935 callido
1380 880 1529 938 slutulctur.
1558 883 1716 951 Quoesumus

92 973 169 1030 quam
187 968 267 1013 antea
282 958 616 1027 iecoratlegatiouisntora
629 971 779 1030 suspectos.
801 962 878 1019 Unde
928 980 992 1036 ergo
1014 968 1123 1023 seruitio
1148 976 1209 1025 tn‘eo
1227 972 1316 1026 cuncti
1339 969 1384 1043 [in
1404 970 1497 1027 dailei
1519 975 1580 1029 edit.
1606 974 1716 1040 cancii..

92 1053 144 1109 sola
158 1055 218 1108 baec
229 1066 310 1108 eausa
328 1065 422 1108 seruos
444 1061 546 1108 vestros
562 1053 630 1107 lllios
645 1068 738 1122 meos,
752 1055 876 1111 Alesiam
926 1056 1041 1128 innotui,
1063 1069 1092 1114 ut
1113 1059 1175 1129 quid
1191 1062 1254 1116 liliis
1267 1064 1364 1117 uestris
1387 1063 1514 1120 iratribus
1534 1068 1611 1132 meis,
1632 1067 1715 1123 idest

92 1145 276 1215 presbyterum
288 1156 316 1199 et
328 1143 488 1200 venantium
498 1146 654 1208 diaconum,
673 1147 753 1201 totius
764 1147 877 1217 protin·
927 1146 1080 1211 Gailicanis,
1093 1150 1115 1203 si
1126 1151 1252 1206 consular
1263 1153 1428 1222 respondere
1437 1155 1549 1212 debeam
1564 1158 1713 1222 instruatis;

90 1234 135 1291 cite
148 1235 309 1291 Viennensis
323 1235 450 1300 nomine,
471 1251 531 1304 quac
546 1226 667 1292 ecclesie
680 1237 712 1291 ad
732 1252 774 1292 me
794 1237 877 1307 perti·
927 1238 1026 1306 etquis
1042 1253 1168 1306 securus,
1190 1255 1243 1295 uun
1267 1242 1355 1297 dicam
1376 1245 1410 1299 de
1433 1243 1592 1311 Viennensi,
1608 1247 1654 1303 scd
1677 1247 1713 1304 de

85 1327 160 1384 *uerti
171 1328 207 1384 ab
224 1327 357 1384 universis
371 1327 557 1383 decessoribus
574 1329 711 1382 nostriset
730 1329 876 1398 apostolica
927 1327 1008 1383 totius
1024 1326 1117 1384 Galliae
1131 1330 1273 1388 deuotione
1287 1334 1428 1402 polliceor,
1442 1352 1537 1393 omnes
1549 1352 1630 1408 super
1642 1347 1714 1394 statu

89 1419 151 1474 sede
162 1420 309 1474 commissa
322 1428 379 1482 est,
393 1433 453 1474 eum
468 1418 608 1486 praesentis
621 1418 765 1474 lamulatus
779 1420 874 1488 pagiua
926 1416 989 1473 ddei
1004 1428 1119 1475 vestram
1135 1433 1243 1490 captare
1267 1427 1426 1481 senteutiam
1442 1445 1449 1480 a
1464 1435 1539 1482 orate
1558 1438 1588 1483 ut
1607 1429 1646 1485 sie
1664 1445 1715 1486 nos

88 1508 235 1575 tourtam
248 1524 375 1580 perquos
392 1510 501 1564 oraculo
522 1510 683 1564 beatissimae
693 1511 876 1580 responsionis
927 1510 1091 1578 perditorum
1104 1513 1236 1582 professio
1250 1513 1335 1569 lucata
1353 1531 1405 1570 uun
1421 1516 1510 1582 lallat,
1527 1518 1596 1571 sicut
1609 1517 1643 1572 ab
1655 1518 1716 1572 uni·

88 1611 339 1676 mercamentum
354 1602 443 1658 lertor
453 1603 626 1657 schismatum
641 1601 812 1671 prolatorum
829 1604 875 1673 qui
926 1608 979 1655 tato
1001 1616 1079 1670 quam
1101 1603 1192 1674 rcgitis
1202 1605 1302 1660 veritas
1315 1618 1450 1679 comperta
1464 1623 1515 1664 nun
1534 1616 1651 1679 separat.
1663 1612 1715 1664 dc·

88 1695 155 1750 intra
170 1693 495 1762 Constantinopolitanam
518 1696 612 1747 urbem
634 1691 698 1746 vitio
717 1693 874 1761 perniciosae
925 1699 1002 1759 cepta
1015 1706 1045 1745 ut
1065 1692 1190 1748 calendas
1214 1695 1371 1763 Februarii,
1389 1698 1501 1767 agapito
1520 1698 1649 1766 cottsule,
1666 1714 1714 1768 per

87 1783 276 1840 obstinationis
299 1792 455 1848 exarserat,
471 1784 580 1853 cuique,
594 1782 664 1852 quod
678 1783 762 1854 stragis
777 1783 871 1838 dolen·
886 1774 909 1834 B
923 1781 1046 1836 blesium
1062 1784 1287 1854 presbyterumet
1302 1787 1461 1841 venantium
1487 1787 1647 1847 diacouum..

87 1877 145 1931 dum
157 1884 212 1939 est,
236 1874 446 1931 Alexandrinam
461 1874 503 1929 rel
519 1875 712 1930 Antiochenam
736 1873 870 1930 Ecclesiae
1153 1874 1318 1931 epistota
1334 1876 1500 1932 Lxxxvtll.

87 1965 172 2022 dicitis
192 1964 324 2035 illigatas,
344 1963 420 2020 tubis
442 1962 550 2018 cbristo
573 1963 680 2019 tarento
702 1964 869 2031 docentibus,
923 1977 1061 2018 nusutsnre
1074 1979 1711 2034 ustrorrrseoao‚suuustueasrssrtscortsrso-

87 2057 161 2128 mm
173 2056 256 2111 ‘uem
268 2055 435 2110 emtione
448 2055 602 2119 restinctus,
619 2063 665 2109 au,
675 2053 697 2109 ,ἱ
709 2067 816 2109 ,ovem
831 2053 870 2108 10,
941 2048 1036 2088 eructa
1047 2048 1210 2101 vtsuueusts,
1222 2050 1268 2090 sua
1278 2053 1330 2092 rua
1345 2053 1695 2098 ntoecssrconstsrettrtous.

88 2151 154 2218 gatio
174 2149 201 2203 in
218 2145 321 2218 paginis
337 2145 506 2201 euidentibus
520 2145 591 2215 quod
611 2144 723 2214 simplex
740 2145 873 2214 legeretur
958 2143 1171 2226 Quidebisquae
1185 2145 1218 2200 ad
1232 2147 1400 2218 disciplinam
1409 2150 1567 2206 catholicam
1578 2153 1712 2223 pertinent
1756 2128 1760 2134 ¹

87 2237 260 2307 cultibuit‚an
276 2235 446 2291 lurteuuntio
460 2236 545 2306 magis
555 2235 655 2297 retulit,
670 2233 741 2290 unde
752 2234 785 2287 de
799 2233 874 2287 tobis
924 2235 1041 2290 manime
1053 2235 1141 2291 sciens
1155 2237 1249 2291 instrui
1265 2239 1348 2307 cupit,
1360 2240 1423 2308 quid
1437 2241 1553 2296 studii...

87 2330 113 2386 td
137 2329 190 2385 bue
209 2328 402 2398 qualiscunque
422 2328 538 2398 suspicio
555 2336 720 2384 reservetur.
742 2326 874 2382 Veremur
933 2319 943 2331 “
962 2322 1058 2394 (lione
1071 2325 1201 2394 epistolant
1217 2326 1418 2383 dubitatatoliet
1431 2328 1606 2401 dormiero.)

82 2461 138 2517 sule
148 2460 273 2530 contigit,
296 2476 367 2516 arrato
383 2460 478 2516 eluisti
503 2459 566 2525 515,
587 2476 665 2532 quam
689 2476 750 2516 cum
770 2461 872 2516 irritam
928 2457 1074 2515 Februario
1097 2463 1273 2531 responderat
1293 2463 1444 2523 linrmisda.
1464 2465 1551 2534 Quare
1567 2464 1711 2522 secundans

81 2529 332 2587 lecissetdnastasii
343 2531 408 2601 imp.
421 2530 532 2598 paruula
544 2530 764 2597 etdlssiutulatio,
781 2541 872 2599 poste·
925 2528 1085 2598 legationem
1098 2572 1106 2595 ,
1126 2548 1186 2602 quae
1200 2544 1254 2589 tunt
1272 2534 1360 2589 adbuc
1374 2536 1528 2604 parabatur,
1539 2536 1595 2605 jaan
1607 2536 1710 2606 prolec-

78 2603 139 2654 rior
158 2601 265 2669 adiecta
287 2610 329 2655 est
342 2616 371 2655 ιιι
386 2615 470 2656 nonas
483 2600 598 2671 Aprilis,
623 2603 735 2669 tgapitn
748 2602 870 2665 curtsulr,
925 2607 978 2654 tatu
994 2600 1020 2654 iu
1032 2601 1170 2659 Orierttem
1182 2604 1246 2660 ialsa
1262 2604 1390 2661 Viennam
1401 2606 1469 2661 lama
1482 2610 1638 2677 pertulerat.

72 2684 151 2725 aeno
160 2670 262 2728 Cbr'tsti
276 2669 339 2737 titt,
348 2686 401 2739 quo
414 2671 472 2739 ipso
486 2686 557 2725 anuo
566 2671 637 2725 llriti
646 2673 765 2740 epistolae
779 2685 872 2726 mettre

583 2887 905 3001 Antistii!
936 2889 1214 3000 Avt'rt

366 3064 702 3192 'Humilia
742 3075 831 3188 DE
874 3076 1416 3195 ROGATIONIBUS.

473 3253 564 3310 tibet
582 3250 809 3311 CONSUETUDO
827 3250 1051 3309 adultioribus
1071 3253 1314 3314 raucesselttl.

113 3463 204 3522 Currit
216 3446 326 3535 quidem
339 3457 613 3524 materialium
632 3474 678 3530 per
691 3461 790 3518 Gallias
810 3472 869 3518 tan·
882 3462 905 3526 C
920 3463 1027 3518 cuidam
1054 3461 1138 3517 totius
1161 3459 1234 3516 orbis
1260 3459 1347 3517 iuuari
1374 3461 1554 3532 prodigiosum
1577 3463 1709 3536 quoddam

58 3554 230 3620 tummodo,
243 3552 292 3611 sed
315 3565 384 3623 pene
408 3564 456 3620 per
475 3550 567 3606 orbem
592 3559 674 3605 totum
699 3552 870 3622 rogationalis
922 3551 1047 3610 bustuale
1057 3550 1257 3607 minitabantur.
1273 3552 1338 3608 Nam
1350 3554 1485 3623 populosis
1495 3553 1632 3614 bominum
1645 3569 1709 3612 eou-

57 3646 260 3704 (sbscmntiae
281 3645 380 3700 dttmen
395 3642 536 3713 irriguum,
547 3650 576 3698 et
591 3640 717 3698 inlectam
730 3644 803 3698 vitiis
817 3652 872 3698 ter·
920 3643 1044 3699 cursibus
1065 3641 1211 3699 domestica
1232 3642 1395 3698 silvestrium
1412 3643 1526 3700 ierarum
1540 3646 1644 3717 species
1662 3644 1710 3701 ult·

61 3750 139 3795 ram
150 3739 228 3794 uberi
240 3736 314 3806 liusq
326 3749 420 3790 annuas
434 3734 623 3791 satislaetionis
632 3745 772 3806 expurgat.
787 3735 870 3792 Pecu·
920 3731 1095 3801 versabatur,
1122 3731 1192 3787 lleus
1212 3730 1309 3787 uiderit
1331 3748 1365 3789 an
1388 3733 1527 3789 ludillcans
1550 3733 1653 3799 oculis,
1674 3749 1709 3791 an

59 3826 174 3888 liarior
189 3841 277 3886 tamen
300 3829 377 3884 nobis
396 3829 423 3883 in
442 3828 493 3883 bae
506 3828 562 3898 ipsa
578 3828 744 3884 institutione
764 3828 869 3885 servitii
920 3824 1035 3881 adducta
1063 3824 1206 3894 portentis.
1226 3822 1360 3894 Quidquid
1381 3832 1469 3879 tamen
1490 3839 1524 3880 ex
1549 3825 1581 3881 iis
1604 3823 1710 3882 duobus

61 3921 208 3994 etgaudii
222 3934 302 3979 causa
314 3917 694 3989 est,quiaquodt1inrmodo
713 3918 745 3975 ad
756 3928 868 3975 cuncto·
920 3920 999 3985 lorct,
1020 3915 1131 3988 perinde
1153 3925 1351 3974 monstruosum
1376 3916 1585 3986 intelligebatur,
1603 3931 1651 3972 seu
1665 3916 1708 3972 sie

62 4015 295 4087 mutilitatem
315 4012 417 4077 delinit,
433 4025 466 4066 es
479 4020 572 4066 nostro
587 4011 711 4080 primitus
718 4010 795 4066 ionte
807 4025 865 4066 ma·
919 4012 1053 4068 veraciter
1064 4009 1189 4066 immania
1204 4008 1351 4065 bestiarum
1363 4009 1444 4064 corda
1460 4007 1643 4077 mansuefieri,
1657 4020 1708 4064 seu

68 4109 175 4163 uaris:
190 4115 219 4163 et
232 4105 300 4161 lorte
311 4117 381 4170 nunc
393 4103 526 4173 pertineat
535 4100 569 4156 ad
584 4100 768 4172 cujuscunque
783 4102 866 4172 priui·
920 4111 974 4159 tam
990 4102 1153 4157 borrlbiliter
1161 4101 1349 4170 conspectibus
1367 4099 1519 4155 territorum
1534 4097 1609 4156 taba
1625 4099 1709 4155 nisio·

71 4195 143 4267 legii
166 4204 291 4251 ornatum
316 4203 429 4264 sumpte
452 4191 574 4262 primitus
596 4190 769 4247 iustitutionis
791 4206 870 4248 etor·
920 4191 962 4249 nls
976 4191 1160 4261 phantasmata
1185 4204 1264 4259 posse
1284 4189 1412 4259 contingi.
1435 4188 1508 4244 inter
1531 4188 1709 4247 btccditerss

74 4288 165 4344 dium.
193 4285 325 4343 (laterum
358 4298 418 4340 tutu
442 4283 477 4339 ad
506 4283 658 4353 huiusmodi
690 4281 868 4337 bumilitatem
919 4286 989 4358 vulgi
1004 4285 1148 4351 sententia,
1162 4283 1362 4355 dispariumque
1376 4282 1706 4353 ordinumtariaeopinio·

79 4378 225 4436 inritabilis
243 4377 389 4434 necessitas
402 4375 485 4447 rigida
503 4375 691 4432 Viennensium
711 4374 794 4431 eorda
808 4389 870 4446 per·
920 4392 977 4433 nes.
991 4376 1043 4432 atii
1061 4374 1133 4446 quud
1156 4373 1308 4430 sentiebant
1330 4372 1534 4440 dissimulando,
1558 4388 1619 4445 quae
1634 4373 1709 4429 delui

82 4469 197 4538 domuit,
208 4470 328 4524 sentiens
340 4466 452 4523 ecclesia
470 4475 560 4522 nostra
578 4479 686 4524 causam
704 4465 868 4537 egritudinis
919 4466 1045 4523 nolebant
1060 4464 1136 4530 dare,
1150 4464 1225 4520 castri
1237 4463 1353 4530 dabant;
1367 4462 1413 4519 alii
1427 4462 1523 4531 spiritu
1544 4463 1708 4530 salubriore,

83 4576 147 4629 sue,
158 4576 213 4619 nou
226 4559 278 4618 sibi
292 4559 366 4630 quasi
379 4558 494 4615 maxime
509 4572 564 4628 prae
577 4557 713 4624 omnibus,
726 4558 775 4614 sed
790 4557 868 4629 quasi
919 4556 1107 4614 abominabilia
1122 4569 1190 4611 rtota
1204 4553 1369 4626 quaquella
1383 4555 1445 4610 adit.
1461 4552 1709 4626 usquequaque)

83 4651 131 4708 soli
143 4666 178 4709 ea
192 4649 316 4708 omatibus
326 4648 482 4706 existimans
493 4661 562 4717 opus
573 4662 634 4704 esse
646 4648 806 4705 instituenda
818 4649 868 4705 ob·
919 4648 1045 4720 congruis
1063 4647 1194 4703 malorum
1218 4647 1388 4717 proprietatis
1405 4644 1645 4717 siguibestionibus
1667 4644 1709 4701 iu·

84 4745 233 4800 testatione
255 4740 394 4811 prasenti,
408 4739 550 4795 sollicitius
568 4740 685 4807 captarit
708 4741 867 4806 remedium,
920 4739 1141 4808 terpreubantur.
1157 4738 1223 4804 Quis
1234 4739 1305 4794 enim
1325 4739 1352 4792 in
1366 4740 1468 4795 crebris
1480 4738 1586 4810 ignibus
1605 4739 1706 4795 imbres

86 4849 159 4905 quam
174 4835 327 4904 primatum.
341 4831 375 4888 Et
384 4829 490 4902 quidem
503 4838 635 4887 terrorum
651 4830 780 4900 temporis
795 4830 867 4886 iilius
880 4831 905 4890 D
918 4829 1095 4888 sodomiticos
1105 4844 1158 4885 uuu
1170 4829 1360 4900 timerethuis
1370 4831 1545 4886 trementibus
1556 4830 1708 4897 elementis,

85 4940 176 4982 mosas
196 4924 294 4980 multos
310 4931 432 4978 nostrum
447 4920 567 4976 recolere
584 4920 651 4976 saio.
667 4919 805 4990 Siquidem
825 4922 868 4976 in·
920 4932 966 4978 aut
979 4923 1091 4979 decidua
1102 4921 1259 4990 culminum,
1276 4929 1322 4977 aul
1336 4921 1456 4993 disrupta
1471 4929 1602 4979 terrarum
1618 4921 1708 4978 immi·

87 5015 174 5072 cendia
185 5013 292 5081 actm,
304 5021 382 5069 terra
390 5022 479 5066 motus
490 5009 600 5076 assidui,
614 5011 737 5066 nocturni
749 5010 865 5082 sonitus,
920 5026 986 5069 uere
1000 5026 1053 5069 nou
1067 5011 1210 5070 erederet?
1228 5010 1287 5083 quis
1299 5011 1404 5080 uidens,
1420 5019 1493 5071 certe
1505 5011 1598 5070 ridere
1615 5025 1647 5069 se
1657 5026 1708 5084 pu·

117 5206 132 5238 ι
145 5197 185 5254 lis
198 5195 250 5254 bae
266 5191 375 5250 bomilia
388 5189 534 5264 Gregorius
555 5188 655 5246 Turon.
677 5188 725 5246 lib.
745 5205 763 5245 u
777 5190 867 5247 ilisto-
921 5191 1062 5259 Excerpta,
1072 5193 1100 5247 in
1114 5193 1211 5263 quibus
1226 5193 1365 5250 sententie
1376 5193 1593 5264 prolemnturer
1606 5209 1709 5252 sermo·

87 5269 139 5336 ἡ,
153 5263 284 5349 repat:
300 5263 387 5346 Refert
400 5264 489 5346 duitas
507 5260 658 5344 ingundam
671 5259 777 5342 tonsilia
790 5277 867 5331 quom
920 5262 997 5346 nibus
1007 5262 1051 5318 die
1066 5263 1164 5331 primo,
1177 5264 1295 5348 secundo
1307 5273 1334 5319 et
1348 5265 1427 5347 tertio
1440 5265 1624 5348 Rogatianum.
1638 5265 1707 5332 Quin

87 5341 116 5396 a
134 5336 318 5419 liogmtostlua
337 5343 450 5416 unapars,
460 5330 511 5415 itas
533 5345 602 5402 optas
628 5328 783 5400 Roqattonas
804 5347 866 5400 qsus
917 5341 944 5388 et
960 5336 1001 5388 lus
1014 5333 1103 5403 plures
1118 5347 1229 5388 nuntero
1249 5336 1332 5390 lutese
1345 5334 1516 5402 credtderrm,
1530 5335 1603 5392 teda
1626 5334 1708 5390 Floro

87 5419 140 5466 flu
148 5408 309 5528 mquts
320 5401 423 5485 Danttnt
432 5403 591 5524 trrzsnpbunt
601 5400 764 5524 seleirattutes',
775 5400 867 5522 qlla-
917 5413 1058 5473 propterea
1072 5418 1159 5504 tueque
1179 5404 1248 5527 badaei
1265 5405 1357 5527 in'tlpua
1371 5417 1520 5528 ιιΙιΙιιιιιιιιιΙζο
1528 5418 1629 5528 gogus!
1640 5405 1708 5459 alias

86 5486 470 5626 miliiafflild'
478 5485 766 5621 ,temtatur
780 5486 867 5625 ‚linit
917 5487 1202 5624 distillationi
1213 5543 1239 5595 a
1251 5488 1303 5622 ld
1315 5473 1544 5600 tortitiis
1551 5480 1708 5624 satiati

84 5610 648 5746 attonitosattdli‘tdlll
665 5614 865 5739 aliialii
917 5609 1429 5753 ldillli‘dilttllti'lt'
1442 5609 1589 5681 ⁰¹⁰¹”¹’¹“¹
1602 5608 1708 5671 ‘m’
