3816 6120
131 346 166 404 ts
348 389 356 402 .
816 333 950 390 csnnsn
971 332 1101 390 cnaei
1730 332 1767 389 20

131 470 189 526 sua,
200 449 325 508 laudabili
339 447 470 518 majorum
486 443 628 500 traditione
639 451 775 514 percepta,
787 442 963 505 declinareA
1011 444 1178 500 conlitemnr
1192 459 1257 514 ergo
1271 446 1412 503 bominum
1436 456 1555 505 nostrum
1574 449 1664 506 lesum
1685 447 1766 503 chri·

975 544 1046 587 stum
1068 532 1164 588 Filium
1183 533 1234 589 lici
1266 536 1428 608 urrigenitum
1459 550 1522 595 ante
1547 539 1636 594 omnia
1659 539 1767 609 quidevn

976 623 1085 691 saccula,
1107 625 1166 680 sine
1188 626 1334 696 principio,
1351 643 1386 684 ex
1404 629 1485 684 Patro
1507 639 1599 684 natum
1621 630 1768 685 secundant

976 713 1121 780 deitatent;
1138 716 1165 769 in
1181 718 1333 772 novissimis
1348 730 1436 775 autem
1447 721 1541 776 diebus
1554 720 1588 775 de
1602 721 1769 775 sanctissima

977 806 1086 877 Virginis
1113 808 1195 863 lilaria
1223 811 1347 865 eumdem
1378 814 1545 869 incantatum
1573 823 1600 868 et
1622 814 1770 882 perlectum

977 896 1114 952 hominem
1130 914 1162 954 ex
1179 900 1267 953 arvitus
1288 902 1412 956 rationali
1426 911 1454 957 ει
1467 904 1588 973 corporis
1601 904 1772 972 susceptione

130 560 185 600 non
200 543 332 599 sinentem
348 552 398 593 nos
408 538 515 606 penitus
530 534 647 591 libenter
660 533 820 597 audivimus,
835 535 857 588 si
875 549 923 588 vos

37 621 40 627 ¹
131 631 453 701 constantinopolitanam
476 626 590 694 plebem,
605 625 640 680 ah
661 624 787 680 ltacretiea
804 637 924 679 cominu·

133 724 214 781 nione
227 721 367 778 discedere
380 727 558 782 recusantem,
578 731 631 770 non
647 715 728 771 vultis
742 715 888 771 offendere.

121 802 127 883 Ι
168 815 222 873 Sed
244 829 294 870 nos
314 813 403 868 dicitis
423 808 521 866 debere
543 807 663 878 dirigere
681 808 725 878 qni
748 823 806 862 earn
821 808 927 862 valcant

134 908 267 980 mitigare.
292 903 434 978 Quomodo
455 916 499 958 me
519 900 643 956 auditura
662 909 712 964 est,
729 915 808 970 quem
822 900 927 955 videtur

135 1000 234 1057 habere
254 992 420 1068 suspectirm,
437 994 460 1050 si
476 993 604 1065 praesules
623 1005 687 1047 snos
706 992 821 1060 despicit
834 992 926 1046 adnuo·

134 1090 248 1149 nentesi
269 1090 364 1145 Nonne
379 1086 444 1157 ipsis
458 1084 586 1154 apostolis
601 1094 643 1140 est
657 1097 818 1152 preceptum
835 1083 861 1138 in
876 1085 926 1136 ali-

135 1180 233 1253 quibus
257 1179 414 1251 regionibus
437 1177 509 1232 verbi
526 1176 718 1246 predicatione
741 1191 794 1229 non
818 1177 866 1241 uti,
885 1176 927 1230 his

135 1273 233 1344 quippe
251 1271 279 1326 in
294 1269 391 1341 quihus
406 1281 458 1322 non
481 1268 586 1321 lucrant
607 1265 756 1321 audiendii
771 1266 926 1332 Veniemus,

137 1362 222 1419 trater
236 1358 432 1429 Euphemianc,
454 1357 513 1411 sinc
536 1355 713 1422 dubitatione,
735 1357 873 1417 veniemus
893 1356 927 1410 ad

137 1452 205 1509 illud
228 1449 379 1523 pavendum
404 1447 520 1503 tribunal
539 1446 638 1502 Christi
664 1446 705 1518 (ut
725 1455 826 1502 taccam
844 1447 852 1478 ¹
869 1461 928 1516 qnae

137 1561 170 1601 ex
186 1544 239 1600 hoc
253 1543 289 1599 sit
308 1540 449 1598 metuenda
467 1537 607 1611 vindicta),
628 1538 862 1593 circumstantibus
875 1537 929 1593 illis

139 1636 267 1709 aquibus
288 1635 354 1691 tides
374 1634 430 1703 ipsa
450 1633 461 1664 ¹
482 1641 533 1687 cst.
554 1631 611 1686 Non
635 1631 691 1688 illic
710 1630 927 1696 inficiationibus,

139 1744 194 1784 nou
207 1725 392 1791 dilationibus,
417 1739 470 1778 non
495 1722 505 1754 ¹
520 1722 712 1778 inclusionibus
726 1731 767 1776 εει
778 1721 926 1791 agendum

978 987 1136 1043 homousion
1153 990 1225 1044 Patri
1245 992 1393 1046 secundum
1408 992 1546 1061 deitatem,
1569 1003 1596 1049 ct
1611 995 1771 1050 homousion

977 1080 1056 1136 nobis
1071 1082 1217 1137 secundum
1239 1083 1445 1140 humanitatem.
1467 1085 1584 1140 Duarum
1607 1088 1678 1141 enirn
1695 1097 1773 1141 natu·

978 1189 1068 1228 rarum
1089 1174 1277 1244 perlectorum
1307 1178 1396 1232 unitas
1430 1177 1499 1235 lacta
1523 1188 1564 1234 est
1591 1178 1771 1245 inellabiliter,

979 1273 1088 1334 propter
1103 1266 1172 1334 quod
1189 1281 1269 1322 tanum
1283 1267 1418 1325 Christum
1434 1269 1558 1325 cumdem
1574 1270 1670 1325 mltum
1685 1270 1730 1325 bei
1745 1277 1773 1327 ει

980 1354 1096 1410 hominis
1121 1356 1286 1426 ntrigenitum
1312 1373 1326 1413 a
1349 1359 1438 1425 Patre,
1463 1369 1490 1415 et
1512 1359 1716 1431 primogenitum
1738 1376 1772 1414 ex

980 1447 1092 1501 vvvortnis
1101 1449 1273 1515 conhtenrnr;
1288 1451 1404 1506 scientes
1415 1452 1485 1521 quod
1497 1452 1601 1522 quidem
1613 1461 1772 1507 coaeternus

979 1535 1014 1588 sit
1025 1549 1075 1589 suo
1089 1536 1159 1591 Patri
1173 1539 1320 1594 secundum
1335 1540 1515 1606 divinitatem,
1531 1541 1677 1596 secundnm
1691 1556 1771 1610 quarn

979 1624 1068 1694 opilea
1082 1636 1122 1681 est
1139 1629 1269 1695 omnium,
1285 1639 1312 1685 ει
1331 1630 1456 1701 dignatus
1476 1640 1519 1687 εει
1538 1642 1597 1701 post
1616 1631 1773 1686 consensio·

981 1731 1041 1770 nent
1065 1719 1241 1774 sanctissime
1256 1719 1382 1790 Virginis,
1404 1737 1466 1778 curn
1481 1722 1551 1777 dixit
1569 1723 1603 1777 ad
1626 1723 1772 1792 angelum:

138 1819 186 1878 sed
199 1819 416 1876 manifestissime
431 1813 660 1884 comprobandum
674 1823 762 1869 utrum
777 1811 846 1868 beati
858 1811 929 1866 Petri
945 1803 966 1861 B
983 1811 1048 1868 licre
1061 1816 1156 1869 ancillo
1167 1816 1282 1881 Domini,
1294 1817 1339 1886 piat
1353 1818 1415 1871 anibi
1430 1819 1571 1873 accendam
1584 1818 1687 1875 seium
1702 1827 1776 1871 tunm

138 1911 255 1984 gloriosa
283 1908 419 1965 confessio
443 1907 566 1976 cuiquam
596 1921 691 1961 eorum
712 1917 780 1974 quos
802 1902 935 1972 regendos

139 2005 253 2073 accepit,
276 2001 420 2072 quidquam
436 1999 599 2054 submonuerit
617 1997 651 2053 ad
671 1998 802 2060 salutern;
818 2011 851 2049 an
874 2008 934 2049 earn

142 2093 295 2152 auscultare
314 2093 419 2156 nolens,
436 2090 516 2146 etiam
529 2104 589 2143 cnm
607 2104 658 2142 ειιιι
680 2086 800 2157 periculo
827 2084 936 2140 rebellis

141 2183 294 2242 ‘exstiterit
306 2182 439 2237 obstinata
454 2180 604 2251 pernicies?
616 2178 654 2233 lbi
663 2186 736 2233 certe
749 2175 936 2231 dilucidabitur

143 2288 233 2332 utrum
253 2288 305 2344 ego
320 2273 400 2343 (sicut
420 2271 529 2341 putatis)
553 2268 675 2332 acerbos,
699 2281 789 2336 asper,
808 2274 835 2320 ει
856 2265 936 2320 nimis

142 2366 235 2434 dorcas,
254 2347 425 2434 di‘lhcilisque
444 2361 604 2424 elevabis,
621 2360 666 2430 qni
686 2372 746 2411 corn
767 2359 871 2412 ratiotvc
891 2373 936 2412 ve·

142 2465 225 2514 stram
246 2455 361 2512 salutem
382 2452 512 2522 parturio,
528 2454 572 2521 qni
596 2452 683 2505 clamo
696 2467 702 2502 :
716 2448 827 2503 Etiamsi
848 2458 938 2504 auste-

144 2564 204 2605 rttm
226 2548 331 2604 ridetur
353 2544 521 2605 antidotum,
543 2543 673 2610 accipite,
702 2554 810 2610 quasso,
838 2539 935 2605 bibite,

143 2638 243 2706 vivite,
257 2638 320 2693 nolo
335 2635 504 2700 moriamini;
521 2647 554 2687 an
570 2647 628 2698 vos,
644 2633 688 2702 qni
709 2647 723 2684 a
746 2630 834 2686 noxiis
849 2630 938 2700 prohi-

144 2729 206 2798 biti,
222 2728 343 2786 medicos
364 2725 462 2782 ducitis
489 2721 685 2789 exsecrandos,
713 2720 769 2775 imo
789 2720 835 2790 qni
860 2720 939 2775 vultis

146 2818 283 2876 vobiscum
313 2816 443 2872 medicos,
458 2823 610 2884 aegrotare,
642 2825 722 2879 qnam
745 2823 793 2863 vos
818 2808 939 2877 recipere

147 2911 325 2968 'sanitmcm
338 2909 370 2964 tit
394 2908 446 2962 alin
468 2922 546 2961 munta
560 2921 569 2959 .·
584 2903 711 2959 hominus
731 2912 757 2957 te
777 2902 938 2956 incolumem

147 3003 290 3064 ettstodiat.
324 3089 326 3091 ‚

413 3102 427 3131 ι
446 3091 611 3148 Entstuea
631 3090 663 3145 tt.
700 3145 702 3151 ,

156 3212 160 3218 ”
253 3205 287 3245 th
305 3203 476 3245 habhetttltttt
497 3202 530 3241 hd
551 3199 655 3241 tttitttho
674 3196 828 3236 ertscoettu.

150 3279 189 3335 td
203 3279 379 3352 povrtifirutnnt
397 3286 543 3347 ossnnrptur
558 3277 590 3329 de
603 3291 672 3328 litore
684 3272 807 3327 liornonoe
820 3269 942 3324 dccbsioe

184 3350 244 3421 fidei
268 3348 417 3472 (paginulam,
437 3363 515 3418 quarn
540 3362 626 3400 omncs
657 3345 772 3413 profiteri
797 3350 940 3405 teneantur,

174 3436 289 3493 ,ριιιιειι
330 3459 337 3474 .

186 3557 216 3612 ιιι
234 3556 391 3627 prolixitate
410 3551 530 3624 epistolae
543 3551 696 3609 dilectionis
715 3560 767 3605 tuas
782 3563 878 3620 magno
893 3563 942 3604 nos

100 3668 103 3673 ’
150 3648 247 3720 gaudio
258 3646 368 3716 replesti
382 3648 408 3702 in
422 3662 453 3700 ea
466 3655 542 3715 pacto
557 3647 582 3699 in
596 3659 646 3713 qua
659 3643 761 3698 dictum
775 3640 899 3711 estquod
916 3642 941 3694 in

151 3739 384 3797 thessalonicensi
402 3738 532 3803 Ecclesia,
547 3739 589 3793 sel
614 3738 639 3791 in
656 3737 716 3791 aliis
730 3737 853 3791 similiter
874 3736 943 3790 reci-

151 3841 206 3890 tata
230 3832 343 3903 epistola
374 3830 580 3901 predecessoris
611 3830 695 3885 nostri
725 3829 759 3884 de
787 3829 943 3883 excessibus

152 3924 252 3988 bracii,
267 3923 354 3978 cuncti
376 3922 464 3977 eidem
488 3922 630 3976 anathema
653 3921 779 3985 dixerint,
801 3935 851 3975 nce
868 3922 943 3990 quis·

153 4031 232 4089 qnam
267 4015 448 4072 communioni
476 4014 673 4085 praevaricatori
702 4028 762 4068 sese
795 4013 942 4068 miscuerit.

154 4110 232 4168 Unde
245 4112 306 4182 quia
322 4125 371 4164 nos
385 4110 515 4164 admones
529 4108 673 4163 dilectione
685 4110 814 4173 lratcrna,
828 4115 857 4161 ut
870 4107 944 4161 velunt

154 4203 313 4260 medicinam
335 4201 477 4272 qnamdam
497 4199 558 4255 fidei
578 4200 712 4269 episcopis
735 4212 782 4266 pec
798 4197 942 4269 illyricum,

153 4291 196 4348 vel
208 4292 267 4346 aliis
280 4293 432 4346 ministrare
446 4291 602 4354 debeamus,
620 4304 769 4358 quanquam
786 4290 837 4343 laoe
852 4290 944 4359 copio-

155 4381 262 4439 sissime
279 4383 375 4437 lacttnn
393 4385 428 4438 sit
446 4399 460 4435 a
476 4384 561 4438 beate
582 4383 777 4437 recordationis
796 4384 945 4451 praedeces-

988 1905 1063 1977 (Lac.
1074 1906 1105 1976 ι).
1120 1907 1291 1964 lnellabiliter
1302 1908 1352 1963 sibi
1366 1924 1400 1963 cx
1411 1909 1468 1976 ipsa
1481 1909 1621 1965 edificavit
1635 1903 1774 1972 templum,

986 2009 1013 2053 ει
1026 1999 1077 2055 sibi
1092 2001 1188 2063 atrivit,
1204 2001 1274 2069 quod
1291 2015 1343 2055 non
1365 2011 1529 2057 coaeternum
1543 1999 1576 2054 dc
1589 2015 1636 2054 sua
1653 1999 1778 2054 substan·

987 2092 1021 2145 tia
1042 2106 1058 2146 ε
1071 2091 1140 2147 coelo
1153 2091 1250 2146 detulit
1264 2106 1372 2161 corpus,
1387 2092 1434 2148 sed
1449 2106 1483 2148 cr
1496 2105 1583 2145 massa
1599 2099 1697 2144 nostrae
1714 2089 1778 2143 suh-

986 2183 1102 2250 stantiae,
1124 2183 1175 2238 boc
1195 2193 1236 2238 est
1256 2200 1289 2238 er
1311 2184 1412 2255 virgine
1435 2182 1485 2238 hoe
1508 2182 1651 2250 accipiens,
1675 2191 1701 2235 et
1725 2180 1778 2235 sibi

988 2272 1094 2340 uniens,
1116 2289 1168 2328 nno
1190 2274 1263 2329 licus
1280 2275 1398 2330 Verbum
1424 2276 1451 2328 in
1472 2288 1579 2328 carnem
1600 2287 1694 2327 versus
1719 2282 1776 2336 cst;

988 2382 1075 2438 neque
1088 2375 1117 2421 ut
1132 2366 1288 2437 phantasma
1304 2380 1451 2437 apparens,
1470 2365 1516 2420 sed
1538 2363 1780 2421 inconvertibiliter

988 2469 1016 2517 ct
1048 2459 1303 2515 incommutabiliter
1337 2473 1412 2513 suam
1438 2455 1609 2512 coraservavit
1634 2454 1780 2507 essentiam

990 2552 1120 2620 primitias
1133 2560 1235 2605 naturas
1250 2561 1349 2606 nostrae
1362 2549 1519 2619 suscipiens,
1537 2546 1587 2602 sibi
1603 2546 1696 2599 univit.
1714 2544 1780 2597 Nam

991 2642 1150 2712 principium
1166 2642 1236 2696 heus
1253 2640 1369 2695 Verbum
1388 2643 1436 2693 bas
1454 2648 1553 2693 nostrae
1571 2647 1673 2691 naturae
1688 2633 1782 2703 prun-

990 2736 1040 2790 tias
1059 2734 1141 2791 multa
1157 2733 1207 2788 sibi
1223 2733 1340 2787 bonitate
1361 2733 1438 2786 urtice
1453 2730 1576 2799 dignatus
1597 2737 1647 2792 est,
1664 2728 1708 2796 qni
1728 2741 1781 2779 non

991 2827 1147 2898 permixtus,
1164 2824 1211 2880 sed
1227 2825 1253 2878 in
1268 2825 1408 2892 utriusque
1427 2822 1576 2879 substantia
1596 2833 1664 2875 uuus
1679 2827 1706 2872 ει
1726 2819 1782 2886 ipso

990 2922 1074 2985 visus,
1085 2905 1230 2975 secundnm
1244 2916 1315 2987 qnod
1330 2918 1460 2985 scriptum
1476 2923 1536 2968 est:
1552 2913 1650 2967 Saluiae
1661 2909 1782 2980 ceramium

990 3013 1069 3078 istud,
1085 3023 1108 3065 et
1126 3012 1152 3064 in
1176 3010 1256 3063 tribus
1275 3008 1362 3061 dicius
1381 3005 1535 3060 resuscitabo
1554 3002 1619 3056 illud
1636 3000 1724 3069 (docnt.
1741 3000 1781 3069 n).

992 3103 1111 3159 Solvitur
1124 3102 1194 3156 eninr
1209 3099 1331 3155 Christus
1345 3097 1434 3163 Jesus,
1448 3093 1594 3150 sccundtnn
1608 3107 1707 3147 merant
1723 3091 1783 3144 snb

954 3173 977 3236 C
993 3197 1116 3251 stantiam
1128 3209 1207 3262 qnam
1222 3190 1350 3258 suscepit,
1362 3199 1389 3243 ει
1399 3190 1514 3243 solutum
1526 3185 1636 3240 suscitat
1648 3182 1783 3253 proprium

994 3290 1121 3358 templum
1138 3305 1145 3341 ε
1163 3287 1213 3340 boc
1228 3286 1284 3354 ipsc
1300 3275 1445 3337 secutidnm
1461 3281 1578 3334 divinam
1593 3275 1782 3340 substantiam,

994 3380 1140 3436 secundum
1161 3391 1241 3448 quam
1262 3384 1289 3429 et
1308 3374 1428 3429 omnium
1451 3370 1545 3425 artilex
1565 3379 1615 3425 εει.
1642 3368 1783 3436 Nunquam

994 3484 1082 3529 antcm
1102 3480 1160 3540 post
1183 3466 1406 3523 resurrectionem
1427 3463 1554 3518 unitionis
1570 3471 1668 3515 nostres
1682 3468 1784 3513 natnroe

995 3564 1117 3620 discessit
1140 3576 1153 3612 a
1178 3558 1288 3629 proprio
1314 3557 1430 3621 templo,
1461 3569 1510 3607 nec
1534 3550 1673 3606 discedere
1696 3557 1785 3618 pota-st

995 3665 1103 3724 propter
1117 3650 1280 3706 ineffabilem
1299 3664 1373 3702 stram
1391 3645 1594 3713 benignitatem,
1609 3641 1656 3697 sed
1672 3650 1713 3696 εει
1727 3643 1784 3711 ipse

996 3746 1123 3800 Dominus
1135 3743 1213 3797 lesus
1223 3741 1344 3795 Christus
1354 3748 1380 3793 ct
1394 3737 1537 3806 passibilis,
1553 3746 1580 3791 ει
1591 3734 1762 3804 impassibilis
1776 3752 1782 3787 :

994 3838 1129 3910 passibilis
1153 3834 1301 3891 secondum
1321 3832 1533 3898 humanitatem,
1552 3829 1723 3899 impassibilis
1742 3844 1786 3883 sc·

994 3931 1109 3986 cuntium
1121 3929 1298 3985 divinitatem
1313 3926 1457 3983 Suscitavit
1471 3926 1551 3996 igitur
1565 3941 1641 3980 suum
1658 3924 1785 3994 templum

995 4023 1066 4077 Dens
1077 4022 1203 4088 llerbum,
1217 4029 1245 4074 et
1257 4019 1283 4073 in
1295 4035 1324 4072 se
1335 4028 1436 4073 natnrm
1450 4028 1549 4073 rtostrae
1560 4017 1784 4073 resurrectionem

994 4126 1022 4171 ει
1036 4115 1235 4170 ιειιιιιιιιῑιιιιειιι
1249 4122 1375 4181 operatos
1387 4121 1439 4177 εει,
1452 4120 1480 4166 ει
1491 4109 1559 4163 hanc
1570 4108 1698 4165 Dominus
1709 4107 1786 4162 Chri-

995 4215 1052 4262 stus
1074 4215 1165 4259 noster
1185 4203 1266 4266 heus,
1287 4215 1428 4272 postquam
1454 4202 1600 4256 resurrexit
1623 4214 1638 4253 a
1662 4199 1783 4261 mortuis,

995 4296 1134 4366 discipulis
1158 4294 1214 4349 suis
1236 4293 1397 4348 ostendebat
1419 4292 1532 4348 dicens:
1550 4289 1666 4358 ⁴Pnipnte
1689 4304 1738 4354 nac,
1762 4295 1786 4340 ει

995 4389 1078 4444 uidete
1093 4389 1215 4458 quostiam
1238 4387 1345 4456 spiritur
1368 4401 1471 4438 curnem
1495 4394 1518 4437 et
1544 4399 1602 4436 osso
1622 4398 1672 4435 non
1698 4381 1785 4448 laniet,

153 4488 216 4531 sore
247 4484 353 4539 nostro;
380 4484 407 4528 ει
430 4475 492 4543 qnia
516 4489 574 4527 noos
598 4484 639 4527 cst
663 4474 790 4527 ltontans·
818 4474 944 4529 Ecclesiae
996 4478 1208 4548 qnornedrnoduan
1226 4473 1662 4545 meuidetiaboberc(huc.xavvi;
1681 4473 1788 4526 vtovrdi·

154 4567 287 4623 Ἀθθῐΰθῑῑ
311 4567 416 4621 ιιθιῑῑθι
437 4567 584 4620 0⁰¹¹⁵1i¹¹¹¹⁰
607 4564 719 4620 s⁰lm³¹¹i
744 4566 805 4619 fidei
831 4581 887 4620 ⁸1¹ae
911 4566 944 4619 ed
959 4545 983 4603 ὓ
998 4572 1046 4634 ait,
1061 4568 1285 4640 quemadmodum
1300 4584 1343 4622 nte
1355 4567 1445 4622 dicitis
1457 4580 1528 4630 esse,
1544 4564 1590 4617 sed
1605 4563 1705 4625 babere,
1720 4574 1748 4615 nt
1761 4572 1789 4617 ct

154 4670 260 4713 sanctas
269 4657 401 4712 Ecclesiae
412 4669 573 4725 prerogare,
584 4655 640 4709 truc
651 4655 744 4710 eadent
754 4656 945 4724 compendiosa

154 4747 235 4804 nimis
257 4747 387 4802 brevitate
410 4747 497 4800 studui
522 4761 666 4811 renovare,
692 4756 722 4799 nt
742 4745 793 4801 suh
819 4761 870 4815 qua
895 4747 947 4803 tide

154 4837 299 4895 vivendum
323 4838 368 4901 sit,
391 4837 537 4892 secundum
562 4846 661 4891 statuta
683 4837 803 4906 Petrum,
829 4838 855 4893 in
877 4838 947 4893 banc

156 4937 276 4985 nostram
298 4929 439 4999 epistolam
459 4936 567 4998 propter
587 4929 742 4984 brevitatem
763 4928 822 4984 sine
841 4929 947 4985 fastidio

156 5024 242 5078 lector
253 5029 391 5092 agnoscat.

192 5161 208 5193 ι
217 5153 282 5209 llaec
294 5154 405 5218 epistola
417 5153 556 5210 circularis
568 5163 610 5209 εει
624 5163 652 5209 et
660 5156 795 5226 encyclica
808 5157 841 5212 ad
853 5172 947 5215 ornnes

157 5223 298 5294 episcopos
308 5225 469 5280 llacedoniae
481 5239 552 5279 anno
564 5228 574 5280 l
590 5225 759 5295 pontificatus
770 5223 869 5282 Gelasii
881 5230 947 5284 scri-

158 5303 220 5364 pta,
238 5308 269 5349 ea
288 5295 430 5352 occasione
447 5297 517 5365 quod
538 5296 679 5362 episcopus
699 5296 948 5356 Thessalonicensis

158 5365 240 5420 totius
253 5364 414 5420 llacedoniaa
429 5365 575 5434 provincias
590 5367 811 5435 metropolitanus
826 5367 867 5437 (ut
881 5384 947 5424 con·

157 5443 211 5489 stat
232 5435 299 5491 inira
319 5449 352 5490 er
374 5436 453 5502 epist.
469 5436 486 5490 9
505 5434 538 5490 ad
559 5436 675 5491 bardan.
698 5445 725 5490 et
749 5434 822 5508 illyr.
839 5438 945 5510 cpiam),

158 5504 298 5561 descissis
311 5504 391 5560 modo
404 5505 519 5575 turpiter
532 5505 693 5572 adhaereret,
709 5507 754 5577 qui
772 5508 839 5565 alias
853 5520 947 5567 contra

194 5621 204 5654 ¹
218 5618 285 5678 eod.
300 5621 408 5693 capituli
422 5623 569 5692 hieronem,
584 5621 644 5694 quin
656 5630 680 5676 et
695 5621 745 5677 iric.

193 5692 205 5726 ¹
219 5689 257 5746 ld.
272 5693 345 5761 cod,
357 5693 460 5763 defensa
473 5702 537 5747 ean·

193 5760 256 5821 ⁸la.
271 5762 350 5830 cod..
363 5763 534 5825 itturtorsiaa.

999 4661 1044 4730 qui
1065 4661 1156 4727 habet,
1172 4670 1198 4715 ct
1211 4663 1255 4730 qni
1272 4659 1386 4714 habetur
1401 4657 1585 4719 considerans,
1600 4670 1655 4708 non
1671 4656 1789 4721 permir-

999 4753 1111 4817 tionom,
1134 4766 1188 4807 non
1211 4749 1426 4814 conversionem,
1451 4762 1504 4801 non
1528 4745 1717 4807 incitationem,
1742 4745 1789 4797 sed

1000 4845 1128 4899 unitatem
1153 4843 1250 4898 lactem
1275 4840 1416 4910 respicias.
1445 4839 1611 4906 Propterea,
1637 4843 1664 4889 ει
1688 4834 1790 4888 barnas

998 4937 1147 5000 clavorum,
1161 4945 1188 4990 et
1204 4933 1329 4989 tixionem
1351 4931 1453 4985 lancee
1467 4928 1672 4991 demonstrarit,
1688 4935 1714 4982 et
1728 4939 1789 4979 cuna

998 5026 1138 5097 discipulis
1155 5022 1340 5088 manducarit,
1356 5017 1550 5090 superomnia
1565 5016 1790 5072 resurrectionem

1002 5161 1097 5216 oborta
1111 5160 1254 5215 schismata
1272 5158 1342 5212 inter
1355 5154 1504 5212 Orientales
1519 5163 1545 5208 et
1558 5154 1707 5207 llomanuru
1723 5167 1791 5219 pon-

1003 5231 1111 5295 ilicem,
1124 5231 1182 5286 sedi
1206 5228 1360 5302 apostolicae
1378 5227 1490 5281 tirmiter
1511 5223 1654 5288 ivvlvaerere,
1679 5222 1792 5290 situsque

1002 5302 1178 5372 patrocinium
1191 5300 1329 5368 suscipere
1339 5294 1533 5352 consuevisset.
1549 5294 1584 5350 Ut
1594 5307 1659 5361 ergo
1673 5294 1792 5361 reliquos

1001 5371 1061 5440 ejus
1073 5371 1220 5443 provincie
1233 5369 1373 5438 episcopos
1389 5368 1415 5420 in
1431 5363 1521 5419 oltlcio
1535 5363 1673 5420 catholicae
1686 5372 1713 5418 ει
1727 5378 1793 5433 apo·

1001 5441 1103 5496 stolicm
1118 5437 1314 5496 communionis
1327 5437 1485 5501 contineret,
1500 5434 1533 5490 ad
1552 5434 1672 5490 e‘osdem
1685 5433 1792 5502 provin·

1001 5511 1190 5568 ciacantistites
1198 5508 1247 5564 bas
1258 5508 1402 5564 circulares
1411 5504 1539 5563 litterasd
1576 5503 1790 5563 lastidianus.

1028 5626 1045 5673 «ι
1060 5625 1099 5682 ld.
1114 5625 1186 5691 cod..
1201 5625 1328 5681 existeret.

1036 5697 1112 5769 ihi,
1129 5698 1247 5754 colubra.
1264 5696 1394 5754 llanauts.
