3816 6120
191 281 238 357 :st
843 278 872 335 s.
892 258 984 333 111111
1006 274 1206 335 tresuensrs
1783 275 1835 331 ass

191 393 272 460 Qneis
289 407 375 468 neque
388 393 540 466 eonjugium
556 406 628 448 curae
641 407 691 449 nec
705 391 805 448 lmdete
820 394 890 463 turpi

192 484 314 543 dliscelrit
323 489 423 544 calidos
437 487 552 543 caritatis
565 486 661 554 copula
675 499 767 541 sonus.

191 579 313 638 Cessabit
325 580 450 651 gemitus,
462 578 549 640 littus.
566 585 663 641 metus,
679 577 730 642 ira,
747 576 882 645 uoluptas,

192 674 288 742 Fraus,
301 673 387 740 dolor,
402 684 482 742 atque
497 671 586 736 dolus,
602 685 714 733 orirerur,
736 667 883 731 discordia,
905 667 985 723 liuor.

191 765 286 821 Nullus
296 778 388 834 egens,
403 762 494 818 nullus
507 762 630 826 cupiens.
645 759 692 813 sed
707 773 774 828 pace
788 759 839 812 srrlr
855 772 908 812 una

191 854 313 910 Suilteiet
327 854 432 910 cunctis
443 864 597 907 sarrctorum
612 851 699 922 gloria
714 851 850 905 Christus.

232 948 279 1003 llis
293 947 520 1019 protoplastorum
535 959 643 1001 sensum
658 943 804 1014 primordia
820 957 895 998 sacra

191 1037 356 1094 Conticuere
368 1037 455 1102 lonis,
467 1036 552 1092 dorice
563 1037 710 1091 certamine
722 1035 809 1104 primo

194 1131 320 1187 illuceret
334 1144 480 1201 oppressos
492 1128 613 1183 lallaeem
627 1127 705 1197 culpa
718 1142 766 1196 per
777 1127 895 1180 trustem.

194 1223 310 1294 Angelus
324 1221 366 1276 iric
378 1220 480 1277 dudum
495 1223 591 1286 luerat,
605 1219 652 1275 scd
668 1219 783 1275 crimino
798 1227 938 1287 postquam

193 1313 346 1369 Successus
360 1312 479 1382 proprio,
495 1310 612 1366 tumidos
627 1309 728 1365 exarsit
739 1309 765 1363 in
778 1322 868 1372 ausus,

193 1404 230 1459 Se
247 1413 333 1458 senret
346 1401 442 1458 iecisse
458 1410 563 1471 putam,
575 1415 638 1455 suus
654 1400 711 1469 ipse
725 1399 838 1454 Creator

194 1494 271 1561 Quod
286 1492 378 1558 luerit,
393 1492 488 1546 rabido
503 1492 626 1561 concepit
639 1489 721 1545 corde
732 1489 861 1551 lurorcm.

191 1587 391 1651 Auctoremque
407 1594 517 1649 negans,
534 1580 658 1635 [lirinum
673 1594 836 1649 consequar,
851 1578 948 1649 inquit,

191 1674 306 1740 Nomen,
318 1683 345 1728 et
358 1682 486 1728 micenam
502 1686 597 1741 prunam
609 1686 690 1741 super
701 1670 800 1726 aethera
812 1671 914 1736 sedeur,

191 1768 305 1824 Excelso
319 1764 424 1830 struitis,
438 1765 551 1820 summis
567 1779 617 1819 nec
632 1763 734 1818 viribus
746 1763 841 1833 impar.

191 1862 264 1919 'tatia
274 1860 420 1930 jactantem
438 1858 564 1926 precelsa
576 1857 699 1927 poentio
714 1856 784 1912 coslo

190 1953 270 2022 lecit,
286 1962 313 2008 et
323 1933 439 2020 ejectum
450 1949 540 2020 prisco
553 1950 678 2019 spoliarit
694 1949 808 2004 lrormre.

190 2045 293 2115 Quique
307 2051 439 2098 creaturae
451 2040 583 2110 prmtutsit
594 2043 619 2094 in
636 2040 730 2095 ordine
744 2041 859 2111 pollutus,

191 2136 295 2192 Primae
307 2144 422 2190 uenturo
437 2133 536 2203 pendet
550 2132 704 2199 subjudice
720 2146 824 2200 poerras.

190 2224 414 2296 Quandoquidem
428 2223 537 2296 gratior
551 2222 629 2277 talem
640 2213 774 2277 sont'eruia
790 2222 876 2291 punit,

190 2319 276 2387 Quem
291 2318 388 2373 mirum
398 2315 529 2370 cecidisse
540 2314 635 2384 potest
647 2329 707 2367 nam
721 2314 823 2367 criruen
839 2313 948 2367 acerbat

189 2411 301 2477 ductor,
317 2409 343 2464 in
357 2408 450 2479 ignaro
470 2406 557 2461 nrinor
566 2420 606 2461 est
620 2415 747 2474 peccante
760 2415 860 2470 reatus,

190 2503 289 2560 llurius
301 2508 380 2572 atquc
395 2499 493 2555 malum
505 2497 576 2568 quod
588 2498 673 2566 major
687 2495 751 2552 lecit
762 2496 882 2556 liabetur.

190 2592 242 2650 Bed
252 2592 323 2663 quod
334 2592 442 2645 tiraces
457 2587 601 2659 prmtcndlt
612 2588 638 2641 in
651 2587 740 2641 1111111111
752 2602 861 2653 seusus,

191 2683 321 2752 Quodque
331 2682 418 2736 lutura
433 2679 517 2746 ridet,
530 2693 675 2748 rerumque
690 2692 787 2734 arcana
799 2679 927 2748 resignat,

190 2772 310 2844 tlnmiici
322 2773 428 2827 terrens
442 2781 565 2839 superest
580 2780 674 2824 natura
694 2771 803 2836 rigoris.

191 2863 358 2921 llorrendom
371 2863 453 2930 dictu,
471 2861 608 2933 signisque
622 2862 741 2918 notabile
754 2871 915 2919 monstrum.

189 2955 256 3011 llam
272 2953 400 3026 quidquid
416 2963 471 3008 toto
486 2953 574 3009 dirum
589 2954 764 3010 committitur
774 2955 850 3023 orbe,

190 3046 244 3104 lats
255 3046 345 3114 docet,
362 3047 548 3117 scelerumque
561 3061 656 3101 manus
667 3060 699 3100 ae
712 3047 763 3101 tela
774 3046 915 3117 gruterum,

191 3135 293 3209 Pugnm
307 3147 333 3192 et
348 3140 470 3192 occultus
483 3152 528 3206 prr
544 3138 649 3207 publica
663 3136 776 3193 crimina
791 3138 870 3193 latro.

191 3227 224 3284 Et
238 3243 309 3284 ntruc
324 3243 397 3298 saepe
413 3227 564 3292 lentinum,
579 3243 649 3284 nunc
664 3228 710 3283 ille
720 3229 747 3283 in
760 3244 829 3283 sceva
841 3229 957 3285 terarum

192 3319 310 3377 Vertitur
323 3337 383 3387 ora,
400 3336 486 3377 nouos
499 3322 606 3377 variaris
623 3321 742 3379 fallentia
757 3326 856 3379 vultus.

190 3410 270 3466 lllltis
284 3411 419 3466 interdum
436 3412 526 3466 subito
542 3411 654 3466 mentita
671 3413 785 3467 uolantis

191 3498 358 3569 inspectes,
376 3499 535 3570 traditusque
547 3500 644 3556 iterum
657 3502 789 3572 contingit
804 3504 944 3570 tronestos,

190 3592 331 3660 lippareos
346 3603 397 3642 nee
411 3603 463 3644 nou
476 3589 589 3658 pulrlrro
602 3604 653 3646 ceu
667 3606 782 3662 corpore
799 3594 882 3664 uirgo,

191 3678 324 3735 Pertrahit
337 3678 464 3734 ardentes
479 3679 593 3735 olrseeua
608 3680 741 3752 iugandis
757 3685 839 3738 uisus.

190 3771 268 3842 Saepe
278 3771 359 3829 etiam
374 3768 476 3840 cupidis
490 3778 630 3842 argentum
647 3771 763 3829 immane
774 3787 907 3846 coruscat,

189 3859 372 3931 Accertditque
386 3859 492 3915 animus
505 3862 564 3915 auri
581 3863 696 3918 lallentis
711 3878 820 3930 aurore,

191 3952 302 4009 ttclusos
316 3951 419 4023 lugiens
433 3966 503 4007 uano
519 3953 705 4023 phantasmate
717 3965 812 4012 taetris.

188 4040 259 4114 1111111
269 4053 342 4098 certa
356 4040 423 4098 troes
437 4051 540 4097 constat
555 4044 597 4098 vel
607 4045 692 4113 gratia
705 4046 799 4102 lormte

188 4132 241 4190 Sed
251 4148 304 4204 quo
314 4148 447 4205 quemque
458 4134 539 4189 modo
549 4128 646 4205 capiat,
662 4143 804 4206 teneatque
816 4142 939 4195 nocendo

188 4224 343 4295 Opportuna
353 4223 431 4290 dolis,
444 4224 596 4296 clausaeque
610 4228 783 4296 accommoda
795 4229 893 4297 lraudi,

188 4316 309 4372 Sumitur
320 4317 439 4373 exterior
452 4318 576 4373 simulata
592 4317 681 4376 lronte
694 4320 792 4391 figura.

189 4406 370 4478 liajoradltuc
380 4409 459 4463 etiam
474 4422 546 4464 sacro
562 4411 692 4478 permissa
705 4420 833 4480 potestas,

187 4499 224 4556 tlt
237 4510 356 4555 sanctum
371 4499 475 4567 tineam
486 4498 585 4555 dudum
599 4499 695 4555 collata
707 4510 799 4557 creato

186 4591 232 4648 Sic
245 4602 340 4646 natura
353 4590 435 4655 ualet,
449 4600 549 4645 rectam
563 4606 640 4660 quam
656 4593 887 4659 condiditauctorâ€š

189 4681 242 4738 Sed
254 4690 313 4752 post
323 4680 357 4736 ad
372 4696 469 4753 pravos
482 4682 627 4737 subversor
643 4685 777 4742 transtulit
786 4686 862 4742 usus.

224 4772 336 4829 viditur
348 4772 398 4828 iste
410 4787 494 4828 noros
508 4772 629 4829 immines
644 4776 670 4829 in
681 4775 745 4832 sede
755 4778 845 4848 quieta

187 4863 290 4919 llueers
299 4862 403 4919 leticem
419 4864 492 4918 trullo
504 4863 658 4921 discrimine
669 4867 761 4936 eitam,

187 4952 318 5024 legerim
331 4964 439 5025 accepta
454 4955 571 5011 [tourins
582 4957 737 5015 tamutarier
748 4960 834 5028 orbis,

185 5044 375 5115 subjectisque
389 5049 439 5102 troi
455 5047 559 5117 placida
574 5048 643 5104 inter
654 5051 748 5120 gaudia
761 5054 842 5109 rebus
857 5070 864 5108 :

183 5135 335 5191 doutmorlt
348 5137 464 5195 subitum
477 5139 526 5194 zeli
541 5140 656 5195 scintilla
670 5156 809 5213 vaporem,

185 5226 362 5296 Excreritque
373 5228 464 5282 calens
474 5228 500 5283 in
511 5243 581 5282 sera
595 5229 717 5287 incendia
732 5233 811 5294 liuor.

183 5312 293 5373 Vicinus
307 5326 370 5373 tunc
384 5316 452 5375 toric
467 5318 526 5385 luit,
542 5336 596 5391 quo
610 5325 727 5381 concidit
741 5328 806 5395 aito,

182 5405 294 5478 tapsus,
307 5418 335 5465 et
344 5409 468 5466 innexam
485 5415 565 5469 1111111
576 5430 622 5485 per
636 5433 719 5487 prona
731 5433 879 5479 catervam.

181 5497 238 5556 lter
251 5512 382 5565 murreus,
402 5515 547 5573 casumque
570 5521 695 5576 premens
717 5511 743 5565 iu
765 5513 848 5568 corde
874 5531 970 5570 recen-

182 5674 244 5737 l'tus
256 5682 341 5739 doluit
352 5685 524 5755 periissctibi
535 5689 606 5760 quod
623 5691 742 5760 possidet
752 5693 830 5752 atter.
857 5604 933 5670 mmÎ‡

997 391 1111 453 A'luuc
1125 394 1225 447 mixtus
1239 408 1299 448 cum
1313 391 1374 448 lclle
1388 392 1475 463 pudor
1490 393 1528 448 sic
1545 403 1654 462 pectore
1670 402 1786 463 questus

1040 482 1175 551 Explicat,
1185 494 1212 539 ct
1226 483 1271 540 tali
1285 485 1400 553 suspiria
1413 499 1481 539 uoce
1493 485 1595 539 retaxat
1608 505 1614 538 :

1074 573 1145 628 Prulr
1160 573 1246 642 dolor,
1261 576 1311 630 troc
1323 574 1400 630 rrohis
1415 574 1533 630 subitum
1546 589 1712 645 consurgere
1724 575 1833 646 plasma,

1038 666 1209 735 invisumque
1221 680 1306 736 genus
1320 674 1411 722 nostra
1423 666 1546 722 crevisse
1558 666 1635 721 ruirra
1647 669 1654 722 1

1039 756 1081 811 ile
1091 756 1194 812 celsum
1206 758 1292 813 virtus
1303 757 1407 823 lrabuit,
1424 773 1496 813 nuuc
1510 772 1574 813 ecee
1585 757 1707 828 rejectus

1038 848 1138 917 Pelius,
1153 849 1310 921 stangelieo
1324 851 1404 906 limus
1416 850 1538 906 succedit
1549 851 1657 906 lionori.

1038 940 1142 998 (loetum
1158 950 1229 999 terra
1241 952 1331 1009 leuet,
1349 944 1394 999 uili
1410 958 1539 1014 compage
1553 943 1640 999 lerata

1040 1033 1140 1103 llegnal
1155 1032 1263 1099 intumus,
1278 1033 1410 1103 nobisque
1423 1035 1492 1104 perit
1503 1036 1633 1090 translata
1651 1044 1782 1105 potestas.

1039 1126 1096 1178 tlon
1109 1135 1196 1182 tamen
1212 1127 1238 1179 iu
1255 1134 1339 1180 tutum
1351 1126 1449 1195 periit:
1464 1140 1526 1194 pars
1541 1141 1635 1196 magna
1648 1136 1769 1182 retentat

1039 1213 1098 1269 Vim
1115 1216 1262 1284 propriam,
1275 1231 1434 1286 summaque
1450 1216 1517 1270 eluit
1529 1219 1629 1273 virtute
1642 1219 1771 1273 nocendi.

1039 1308 1094 1364 Nec
1107 1306 1216 1364 differre
1227 1308 1319 1378 juratÍ¾
1330 1309 1386 1380 jam
1403 1325 1473 1365 nunc
1487 1311 1636 1367 certamine
1651 1312 1753 1367 blando

1037 1400 1213 1470 congrediar,
1227 1401 1290 1456 duna
1305 1401 1486 1471 primnesiae,
1501 1412 1613 1474 experta
1630 1419 1682 1459 nec
1695 1404 1766 1459 tullos

1039 1490 1201 1559 Simplicitas
1213 1491 1305 1562 ignara
1319 1492 1406 1559 dulos,
1422 1493 1455 1547 ad
1471 1493 1522 1549 tela
1538 1494 1650 1564 patclrit.

1038 1583 1071 1638 Et
1084 1584 1180 1639 meiius
1193 1584 1243 1640 soli
1257 1585 1399 1656 capientur
1414 1585 1518 1653 fraude,
1534 1587 1692 1658 priusquam

1040 1674 1191 1730 Fecundam
1203 1675 1311 1730 mittant
1322 1684 1421 1732 aeterna
1437 1677 1463 1730 in
1474 1678 1572 1732 saecuta
1583 1679 1701 1749 prolem.

1000 1761 1024 1822 B
1039 1765 1193 1823 immortale
1206 1767 1274 1822 1111111
1287 1777 1357 1823 terra
1374 1771 1643 1840 pmureslnendum
1664 1783 1729 1828 est:

1039 1857 1110 1912 Fons
1123 1859 1230 1928 generis
1243 1869 1345 1929 pereat,
1359 1861 1455 1932 capitis
1469 1860 1585 1931 dejectio
1600 1864 1664 1917 uteri

1039 1948 1138 2004 Senten
1152 1950 1245 2004 mortis
1260 1950 1328 2016 critÍ¾
1342 1952 1427 2020 pariat
1442 1951 1598 2007 dserimina
1615 1954 1683 2008 letiri

1039 2039 1106 2095 l'itm
1121 2041 1296 2111 principiumÍ¾
1311 2042 1399 2097 curristi
1415 2042 1546 2097 leriantur
1560 2044 1586 2098 iu
1603 2059 1677 2108 unoÍ¾

1038 2134 1096 2190 lton
1112 2134 1190 2190 lactet
1205 2135 1293 2188 uirum
1310 2132 1386 2189 radix
1402 2135 1490 2190 occisa
1505 2150 1647 2191 cacumen.

1039 2226 1101 2281 ltaec
1112 2225 1176 2280 milri
1187 2225 1292 2295 dejecto
1307 2224 1415 2281 tandem
1428 2227 1523 2280 solatia
1538 2237 1652 2282 restant.

1037 2317 1066 2373 Si
1078 2333 1182 2388 nequeo
1195 2319 1301 2373 clausos
1318 2319 1414 2373 iterum
1429 2309 1613 2376 conscendere
1623 2322 1727 2383 coelos.

1037 2410 1084 2464 llis
1099 2425 1206 2480 quoque
1220 2409 1398 2466 claudentur:
1420 2411 1508 2467 letius
1531 2412 1664 2470 cecidisse
1686 2416 1883 2485 putantum

1734 2507 1785 2578 lest
1799 2548 1815 2572 â€š

1035 2592 1064 2649 Si
1078 2608 1145 2647 liora
1161 2592 1287 2663 perdatur
1298 2594 1380 2649 simili
1395 2595 1545 2650 substantia
1557 2609 1633 2660 casu,

1036 2681 1064 2740 Si
1075 2697 1167 2739 comes
1180 2682 1278 2738 excidii
1290 2683 1386 2739 sutreat
1398 2685 1536 2740 consortia
1548 2701 1636 2755 poenm

1036 2773 1071 2830 Et
1087 2790 1155 2846 quos
1166 2776 1304 2845 praesideo
1318 2777 1460 2833 nobiseum
1472 2778 1576 2834 diuidt
1588 2781 1675 2849 ignes.

1034 2867 1087 2924 Sed
1103 2883 1137 2923 ne
1148 2867 1268 2924 stilletis
1283 2868 1395 2925 lalleudi
1410 2882 1634 2941 eausa-putelun

1035 2962 1098 3020 llaec
1118 2963 1292 3021 monstranda
1320 2964 1361 3020 ria
1386 2973 1438 3031 est,
1461 2964 1563 3022 dudum
1578 2981 1659 3038 quant
1678 2982 1790 3037 spone
1819 2989 1881 3028 eu

1715 3059 1842 3132 [sur-ri

993 3129 1017 3192 G
1034 3149 1062 3205 ln
1075 3163 1187 3218 pronum
1197 3148 1303 3221 lapsus,
1320 3163 1380 3220 quae
1391 3164 1434 3206 me
1444 3149 1572 3220 jactantia
1587 3165 1676 3220 regno

1035 3241 1151 3312 llepulit,
1167 3242 1225 3297 trec
1238 3241 1373 3297 ttominem
1386 3241 1501 3312 paradisi
1518 3243 1611 3298 limine
1626 3242 1721 3311 pellet.

1033 3333 1079 3390 Sic
1089 3334 1136 3397 ait,
1148 3341 1176 3389 et
1188 3334 1306 3403 gemitus
1319 3348 1413 3388 uocem
1429 3333 1551 3389 clausere
1562 3332 1693 3388 dolentis.

1070 3427 1150 3482 Forte
1161 3426 1209 3481 luit
1223 3426 1327 3482 eunctis
1337 3427 1519 3482 snimautilms
1532 3426 1703 3494 altionem,

1034 3518 1159 3574 AEmulus
1171 3527 1265 3587 arguto
1279 3517 1358 3571 callet
1369 3517 1414 3587 qui
1429 3525 1536 3587 pectore
1546 3531 1661 3585 serpens
1677 3535 1683 3570 :

1034 3609 1119 3680 liujus
1132 3618 1314 3679 transgressor
1327 3609 1360 3662 rte
1374 3609 1478 3663 cunetis
1492 3621 1600 3662 sumere
1612 3608 1728 3663 termam

1034 3701 1125 3771 Eligit,
1140 3700 1241 3754 acrium
1255 3699 1427 3755 circumdans
1439 3699 1556 3769 tegmine
1568 3713 1680 3767 corpus,

1034 3792 1116 3861 inque
1129 3790 1296 3861 repentinum
1309 3798 1427 3846 miriatos
1442 3788 1559 3845 tenditur
1570 3804 1684 3860 anguem
1697 3807 1705 3844 :

1034 3881 1077 3936 l'it
1092 3880 1169 3950 longa
1181 3881 1285 3936 cervice
1298 3881 1390 3946 draco,
1403 3881 1574 3951 splendentia
1587 3882 1659 3936 colla

1033 3973 1157 4044 llcpingit
1170 3973 1292 4039 maculis,
1306 3974 1452 4044 teretisque
1466 3973 1604 4029 uolumina
1621 3973 1696 4029 dorsi

1032 4065 1156 4133 asperat,
1172 4073 1199 4120 et
1213 4066 1331 4132 squamis
1347 4081 1393 4134 per
1406 4077 1477 4136 tergo
1494 4065 1644 4136 rigentibus
1655 4077 1747 4122 armat.

1031 4156 1123 4223 Qtralis
1138 4169 1203 4210 vere
1215 4168 1295 4218 novo.
1308 4157 1402 4226 primis
1416 4172 1477 4211 cum
1487 4158 1625 4214 mensibus
1636 4170 1715 4214 aestas

1033 4248 1127 4304 l'ruuui
1142 4246 1174 4301 tit
1185 4247 1259 4303 laetos
1274 4259 1334 4317 post
1345 4248 1443 4319 trigora
1458 4249 1530 4319 pigra
1544 4260 1664 4320 tepores,

1032 4338 1156 4391 Euadens
1170 4348 1288 4393 ueterem
1302 4340 1432 4407 reparatis
1447 4340 1564 4395 motllrus
1578 4356 1691 4408 annum,â´

1032 4428 1066 4484 ltr
1079 4427 1179 4484 siecum
1192 4428 1276 4485 nitido
1288 4429 1442 4500 discingens
1454 4445 1568 4500 corpore
1583 4442 1701 4504 tegmen,

994 4504 1286 4585 DProt-editcoluber,
1300 4531 1487 4589 terrarumque
1503 4521 1594 4575 abdita
1611 4521 1743 4593 linquens,

1034 4613 1149 4668 lâ€˜raelert
1161 4613 1290 4668 terribilis
1302 4614 1475 4668 metuendum
1489 4616 1574 4668 l'orura
1590 4614 1726 4673 decorem.

1030 4705 1092 4760 [lira
1103 4707 1204 4761 micant
1215 4705 1283 4761 oculi
1297 4723 1303 4758 Îµ
1320 4716 1375 4760 tum
1391 4706 1492 4761 lurnine
1503 4707 1576 4761 visus
1591 4715 1674 4763 acuto

1031 4798 1131 4854 Laetior
1142 4808 1262 4871 optatum
1278 4797 1357 4854 discit
1368 4813 1547 4854 consuescere
1560 4799 1660 4860 sulem.

1028 4889 1104 4945 Nunc
1118 4890 1226 4945 simulat
1238 4889 1376 4953 blandum,
1388 4888 1486 4944 crelrro
1497 4904 1547 4945 eeu
1559 4890 1682 4947 carmine
1696 4879 1869 4947 11111Î¿á¿·

1028 4979 1148 5045 Ludunt,
1161 4988 1189 5035 et
1202 4978 1319 5034 trifidam
1330 4979 1488 5050 dispergunt
1499 4989 1606 5049 guttura
1618 4981 1746 5053 linguatu.

1063 5070 1134 5140 Ergo
1144 5081 1173 5125 ut
1188 5071 1323 5140 ripeream
1335 5069 1489 5124 malesuada
1501 5070 1594 5126 irarrde
1607 5071 1721 5143 liguram

1027 5159 1125 5229 induit,
1137 5172 1164 5218 et
1176 5171 1260 5218 totum
1275 5162 1357 5217 lallax
1373 5164 1506 5231 processit
1520 5165 1547 5218 in
1560 5179 1688 5235 anguem,

1027 5251 1150 5308 Pervolat
1160 5253 1192 5307 ad
1209 5253 1310 5319 lucemÍ¾
1324 5269 1385 5308 tram
1398 5253 1468 5310 torte
1481 5254 1605 5311 rubentia
1619 5257 1675 5313 leti

1025 5345 1299 5415 Carpebantjuveoes
1315 5345 1393 5401 viridi
1404 5346 1438 5402 de
1449 5346 1558 5417 palmite
1569 5347 1652 5403 matu.
1893 5366 1904 5400 1

1025 5435 1093 5491 Tum
1105 5437 1206 5493 veritus
1220 5447 1343 5507 serpent,
1360 5438 1436 5492 llrma
1451 5446 1588 5496 nements
1603 5440 1677 5496 virili
1875 5440 1895 5503 p

1023 5525 1457 5597 Nonqueatinjectosubuertere
1472 5530 1553 5584 corda
1569 5546 1694 5602 ueneno,
1868 5518 1878 5593 â€šâ´

1023 5616 1132 5670 11111111
1144 5627 1243 5673 erecte
1260 5616 1341 5686 spiris
1353 5621 1522 5688 reptantibus
1536 5623 1594 5677 alto
1864 5670 1908 5696 â€ž

936 5753 942 5758 ,
1022 5704 1179 5778 111111Ï‚á½·1111,
1191 5714 1358 5778 tractumque
1369 5725 1447 5769 suum
1460 5711 1623 5770 sulrtimiltus
1631 5729 1753 5788 mutos.
