3816 6120
131 251 184 309 aaa
576 291 579 298 .
779 247 808 304 s.
830 244 924 302 ιιιιι
944 242 1147 304 ttsaususrs
1703 228 1784 309 sm

131 370 325 436 duxeruntque
339 380 387 421 suo
400 363 502 421 saniem
515 364 549 420 de
564 363 656 419 fanore
674 363 769 431 pisces.
939 363 964 423 Α
979 359 1045 415 Curru
1061 375 1174 432 surgens
1188 361 1303 419 mediam
1319 362 1405 419 nubes
1419 367 1454 421 se'
1465 365 1576 438 porrigit
1590 376 1667 434 atra,

133 460 168 514 tu
183 458 297 512 fortasse
311 473 372 513 rear
386 456 469 512 cladis
491 457 640 526 mortisque
655 452 750 508 laturae
980 445 1195 524 Narscentet'nque
1209 453 1280 510 dican
1295 456 1409 522 depulso
1424 456 1525 512 famine
1539 459 1652 516 claudit.

131 550 275 620 Sanguinis
288 548 386 604 indicio
396 548 452 618 jana
465 548 635 617 praecessisse
651 544 766 609 ruinam,
980 544 1009 600 ln
1022 547 1121 602 molem
1136 562 1189 602 nox
1203 546 1286 602 densa
1301 546 1367 614 coit,
1381 549 1450 618 perit
1465 549 1578 605 obrutus
1592 564 1652 617 aer,

132 644 190 698 lloc
204 645 290 712 ipsurn
306 642 332 696 ni
346 654 424 710 poena
438 639 518 695 foret.
533 640 598 694 Nam
612 640 714 695 scilicet
727 652 809 693 ornare
981 638 1176 709 palpantesque
1194 654 1290 694 ananus
1303 641 1400 695 densas
1411 657 1521 697 sensere
1534 643 1672 708 tenebrat,

132 735 239 806 AEgypti
253 736 384 802 spatium,
398 731 440 787 vel
455 745 509 801 quo
522 740 595 800 patet
609 733 696 801 ampla
711 731 845 799 capripes,
980 730 1068 800 Atque
1082 746 1257 801 repercussus
1275 741 1387 786 vetatur
1399 733 1533 790 anhelitus
1545 749 1636 806 arpen

133 826 193 879 llos
210 826 278 878 inter
300 825 411 894 pinques
425 822 520 879 sitiens
537 823 672 878 defecerat
686 822 783 890 undas,
980 823 1014 878 ttt
1024 824 1047 878 si
1060 825 1163 894 sopitos
1177 823 1265 878 barido
1277 823 1338 893 quis
1352 826 1467 879 suscitet
1479 824 1567 895 ignes,

132 916 160 971 Si
174 930 227 970 nou
239 915 414 984 bruttipotcns
426 915 543 971 celerem
557 928 638 984 super
650 928 713 967 arra
730 912 861 969 rnedelam
981 913 1033 968 dut
1046 912 1167 969 ssarrrnras
1180 915 1271 969 excire
1286 915 1360 977 uelit,
1376 930 1530 978 conrprcssa
1543 925 1677 971 necantur

132 1009 285 1078 Spargere,
298 1015 325 1061 et
340 1006 439 1062 nitidos
453 1015 594 1062 reuocaret
608 1004 721 1060 uallibus
736 1017 838 1057 arrrrtes.
981 1004 1104 1070 Lamina,
1120 1018 1169 1059 auc
1184 1004 1289 1059 uibrant
1301 1005 1418 1060 restricti
1434 1005 1553 1075 pondere
1567 1016 1678 1061 nrottts:

170 1099 238 1152 Tum
251 1112 316 1154 uero
332 1107 360 1152 ιιι
377 1099 497 1170 requiem
513 1097 596 1168 pestis
610 1097 741 1152 subducta
754 1094 872 1158 redusit,
981 1096 1040 1164 Quo
1055 1110 1240 1165 quemcunque
1256 1095 1316 1150 loco
1329 1096 1487 1151 tenebrosus
1501 1099 1620 1165 repperit
1638 1101 1747 1167 fourrer,

134 1190 251 1245 Effertur
264 1205 357 1244 rursus
369 1189 451 1245 dilata
466 1199 554 1245 morte
569 1200 716 1262 tyrannus,
981 1188 1129 1252 continuit,
1142 1187 1208 1242 uidit
1218 1188 1334 1252 uallatur,
1351 1202 1401 1242 nec
1416 1187 1488 1243 risus
1503 1188 1537 1242 ab
1552 1190 1607 1242 ullo
1621 1198 1675 1244 est.

133 1283 168 1337 bt
179 1282 221 1335 ris
236 1295 345 1336 erasum
359 1288 536 1336 contemnens
548 1291 638 1337 mente
650 1279 796 1349 flagellum,
983 1278 1146 1348 squalentes
1161 1277 1260 1347 pariter
1277 1277 1393 1332 uirentia
1406 1278 1488 1333 millia
1502 1278 1598 1334 credas

133 1373 277 1426 frrrrrrcnarn
298 1370 389 1441 flagris
404 1371 523 1441 persistit
537 1369 654 1426 subdere
669 1378 788 1439 sentent.
971 1368 1104 1424 'infernas
1119 1369 1234 1425 intrasse
1248 1368 1352 1433 domos,
1369 1376 1417 1423 aut
1431 1366 1500 1423 forte
1514 1369 1621 1423 rerulsa

133 1467 168 1516 At
181 1461 243 1532 quid
259 1475 306 1530 per
318 1468 442 1515 cunctam
457 1460 542 1530 stylus
556 1468 654 1525 mstuet
665 1460 704 1514 ire
717 1457 825 1526 superbi
982 1461 1066 1516 Obice
1080 1472 1212 1517 terrarum
1226 1463 1340 1530 patriam
1357 1460 1490 1517 sordentis
1500 1462 1593 1531 abyssi

134 1554 294 1620 Perfidiam,
309 1553 370 1606 cesi
386 1565 531 1608 numerans
546 1552 662 1622 perjuria
676 1549 772 1620 regati?
983 1551 1112 1621 lligrasse
1127 1552 1153 1606 in
1168 1567 1293 1621 superos,
1310 1552 1484 1607 uomendum
1500 1554 1561 1609 lace
1575 1553 1667 1623 togata

134 1648 187 1702 Sed
204 1654 293 1701 umen
311 1655 473 1716 extorquent
490 1645 591 1700 tarium
608 1644 746 1699 urendacia
769 1650 930 1707 monstram,
985 1641 1041 1698 Sub
1056 1644 1127 1713 leges
1142 1643 1248 1699 misisse
1262 1657 1336 1698 suas.
1351 1642 1419 1699 'fres
1433 1644 1549 1712 perdidit
1563 1646 1614 1700 ista

134 1740 265 1810 Unrlaqoe
280 1739 366 1794 uicino
381 1739 488 1793 vixdum
506 1748 616 1808 purgata
632 1753 742 1803 errrore,
946 1737 969 1796 B
984 1734 1066 1790 Nocte
1080 1735 1147 1801 dies,
1163 1734 1241 1801 diune
1256 1735 1375 1804 pendeus
1390 1734 1505 1806 perjuria
1522 1734 1603 1792 tellus

134 1831 271 1887 barcarum
288 1829 365 1885 foedis
381 1833 450 1885 terit
463 1831 615 1884 cantatibus
629 1827 719 1883 urbes.
983 1827 1079 1882 fstlrec
1092 1826 1188 1882 damna
1203 1826 1277 1893 tulit;
1292 1841 1353 1881 natu
1367 1835 1466 1881 catera
1481 1825 1598 1896 fulgidos
1612 1825 1687 1882 orbis

47 1918 52 1926 ’
134 1926 308 1995 Cornplentor
323 1925 408 1989 cette,
423 1923 501 1978 strati
517 1923 677 1993 penetralia,
694 1935 806 1986 mensae,
984 1920 1126 1986 Continet,
1142 1927 1170 1974 et
1183 1919 1276 1974 solitos
1288 1917 1455 1989 distinguunt
1469 1927 1590 1987 tempora
1605 1932 1712 1974 marsos.

134 2017 256 2073 Sustinet
270 2018 426 2071 innumeros
439 2016 539 2085 regalis
552 2030 671 2086 purpura
685 2014 781 2079 saltus,
1020 2014 1108 2069 Moses
1122 2014 1224 2068 interea
1242 2011 1387 2082 lacrymas.
1398 2012 1512 2082 ieiunia,
1528 2021 1592 2065 tota

134 2115 222 2179 Atque
235 2124 359 2180 premens
373 2109 495 2163 bortrines
506 2108 609 2165 frendet
621 2109 797 2164 succumbere
810 2106 894 2175 ranis,
982 2106 1136 2173 Continuat,
1151 2105 1328 2177 precibusque
1341 2104 1468 2175 frequens
1483 2120 1515 2160 ac
1530 2105 1646 2176 porrigit
1663 2104 1753 2173 instat,

134 2203 251 2270 Quarum
267 2216 328 2257 nrox
347 2202 460 2257 cumulis
473 2200 581 2256 flarnrna
597 2203 751 2270 tonitruque
766 2199 884 2254 subactis
984 2200 1092 2269 ilajoris
1106 2210 1168 2254 natu
1185 2198 1265 2253 fultus
1280 2196 1412 2253 solamine
1427 2195 1529 2251 fratris.

134 2295 338 2363 congestisque.
352 2308 452 2349 sonans
468 2304 622 2347 muscarum
638 2292 717 2346 nuliis
730 2291 763 2346 ad
779 2304 860 2345 auras
984 2294 1096 2348 instruit
1111 2291 1160 2347 bos
1173 2291 1257 2346 sacris
1272 2291 1362 2351 simul.
1380 2289 1559 2359 informatque
1571 2287 1687 2346 Creator

135 2385 218 2452 Exiit,
235 2385 361 2441 infectura
376 2399 551 2453 corrumpens
564 2397 626 2438 aera
641 2381 715 2436 flatu.
982 2384 1092 2456 llystiea
1113 2383 1263 2440 solemnem
1278 2397 1330 2452 qtta
1347 2382 1446 2452 pandat
1460 2381 1567 2438 uictima
1582 2382 1691 2438 ritum..

135 2476 193 2532 lilio
207 2493 272 2547 quas
287 2476 397 2532 scinifes
410 2477 543 2541 vocitant,
560 2486 728 2545 quantosque
739 2475 843 2529 rotatus
982 2477 1099 2533 Cernitis
1113 2483 1144 2531 ut
1157 2475 1240 2530 molta
1260 2474 1396 2531 desudans
1411 2473 1489 2530 clade
1499 2482 1605 2531 reatum

136 2568 257 2623 Pendula
272 2569 444 2624 ccmnrittuut
462 2568 564 2623 lenibus
577 2568 735 2638 corpuscula
750 2565 846 2630 retius,
983 2569 1115 2641 AEpyptus
1128 2568 1243 2623 contrita
1257 2577 1348 2637 pentat
1362 2567 1430 2621 satis
1443 2565 1560 2633 undique
1575 2574 1660 2629 tacta,

135 2657 341 2729 Pennarumque
355 2660 429 2715 ticos
442 2668 572 2730 peragunt
586 2657 762 2714 stridentibus
773 2658 842 2711 alis?
982 2662 1037 2718 Sed
1052 2672 1138 2717 tamen
1153 2661 1262 2716 immota
1276 2669 1398 2729 perstans
1410 2660 1517 2716 cervice
1528 2659 1658 2716 rebellis?

135 2748 262 2803 Fundnnt
278 2765 305 2804 se
321 2752 430 2819 pariter,
447 2750 606 2822 turbataque
617 2749 716 2806 uroettia
730 2749 875 2818 complent.
983 2754 1037 2809 Nee
1054 2753 1181 2823 portanda
1198 2753 1243 2808 diu
1258 2752 1413 2822 praecedunt
1425 2750 1475 2809 ista
1486 2753 1604 2807 ruinam.

136 2840 169 2896 Et
183 2842 245 2896 licet
258 2842 391 2897 immersis
406 2842 524 2913 defigant
535 2843 644 2898 uulnera
659 2841 773 2909 rostris,
985 2847 1108 2916 AEgcotat
1122 2845 1300 2915 ‹qarodconque
1315 2853 1410 2908 tumet,
1425 2858 1475 2899 nec
1489 2858 1554 2899 sana
1568 2842 1686 2912 superbo

136 2930 201 2986 Plus
213 2931 310 2986 lrorror
321 2948 400 3002 quarn
417 2947 494 3002 poena
511 2942 617 2998 moret;
633 2932 681 2987 scd
695 2932 762 2987 tollit
775 2941 802 2986 et
817 2929 894 2986 islam
982 2939 1068 2992 Causa
1078 2938 1181 3002 eniteat,
1191 2937 1312 3005 iunctum
1324 2944 1455 2991 monstrat
1466 2934 1659 3004 meusturpida
1669 2934 1777 2990 letlrun.

137 3024 239 3081 lleutus
253 3039 346 3095 agens,
362 3035 447 3079 cessat
463 3024 551 3078 lerata
564 3023 685 3078 molestia
701 3023 799 3092 paulun
983 3029 1057 3086 Unus
1069 3026 1159 3082 adlruc
1176 3033 1260 3082 restat
1272 3026 1316 3097 qui
1330 3025 1446 3080 uindicet
1458 3025 1548 3081 omnia
1563 3024 1662 3090 luctus,

136 3116 281 3172 Confestim
296 3125 418 3171 cessante
433 3128 517 3182 tuetur,
532 3129 582 3171 nec
596 3115 701 3185 longios
714 3116 752 3170 ira
943 3096 968 3160 11
986 3120 1102 3189 Postque
1117 3134 1213 3174 uorem
1228 3117 1331 3174 decima
1347 3117 1474 3187 percellat
1493 3117 1568 3172 caede
1583 3127 1730 3174 merentes.

136 3212 256 3267 Setrtiurr
271 3227 349 3282 quam
366 3210 441 3280 plaga
456 3210 536 3265 celet.
551 3209 602 3266 Sed
617 3219 691 3278 peste
706 3216 808 3266 remota
988 3212 1042 3265 Vos
1054 3211 1134 3265 modo
1147 3219 1292 3280 perpetuos
1304 3222 1441 3264 sacrorum
1455 3207 1552 3264 discite
1564 3222 1668 3272 atroces.

137 3306 289 3359 Succedunt
305 3304 363 3357 alie
379 3305 485 3373 grauius
500 3319 507 3355 t
524 3303 689 3357 consumitur
702 3315 782 3355 otunc
987 3299 1108 3355 Celtibus
1122 3310 1150 3356 et
1165 3300 1279 3370 propriis
1292 3313 1416 3354 man-ura
1429 3299 1489 3370 lege
1504 3309 1603 3355 tenete.

137 3396 300 3459 tourmmm,
317 3407 479 3463 cursoresque
495 3407 587 3462 greges
603 3407 654 3447 tros
668 3392 778 3447 abstulit
797 3405 858 3456 orta,
987 3393 1123 3449 blensibus
1136 3393 1162 3448 io
1177 3393 1294 3456 cunctis,
1309 3392 1383 3448 orbis
1395 3407 1464 3462 quos
1478 3391 1589 3447 circinat
1601 3392 1680 3458 anni,

138 3486 191 3541 Nec
207 3497 308 3539 tantum
322 3486 450 3538 darrrnosa
465 3496 526 3537 reos
543 3492 665 3551 portenta
677 3483 787 3551 fatigant
803 3498 809 3534 :
988 3485 1041 3542 iste
1054 3494 1135 3556 caput
1150 3486 1328 3556 princepsque
1341 3484 1421 3551 foret,
1433 3500 1513 3555 quent
1529 3486 1640 3541 notitiae
1652 3486 1716 3541 belli

138 3577 259 3629 Portitor
271 3573 304 3627 ad
320 3589 428 3626 carraeru
443 3587 501 3640 rqtroe
514 3573 626 3626 sosoi-at
639 3572 678 3626 ira
692 3572 809 3627 dolores.
988 3578 1109 3635 Gentiles
1124 3582 1252 3644 roeitam,
1267 3593 1316 3633 tos
1331 3587 1432 3634 tantum
1445 3578 1526 3633 dicite
1541 3579 1680 3647 primum:

138 3667 259 3722 trrsidmt
274 3665 378 3732 penitus
392 3662 524 3733 turgentia
540 3661 649 3716 trilatera
664 3662 810 3727 raterrrbris,
988 3669 1115 3737 Lassaque
1129 3667 1169 3724 bie
1182 3678 1285 3739 sepiem
1301 3683 1362 3724 cusp
1379 3668 1472 3724 fecerit
1487 3668 1576 3724 addita
1590 3680 1698 3735 nuclea,

139 3759 173 3814 Et
187 3773 263 3813 sacer
276 3757 392 3811 incubuit
410 3755 542 3825 percussis
554 3754 664 3809 actubus
677 3753 757 3824 ignis.
941 3811 942 3816 ,
991 3762 1107 3831 Vespere
1121 3772 1176 3817 tum
1191 3777 1253 3818 sero
1268 3761 1366 3818 dabitis
1380 3760 1525 3831 primordia
1539 3762 1638 3817 sacris.

136 3852 264 3909 Creditur
280 3851 322 3906 liic
334 3850 413 3905 etiarn
429 3865 492 3903 casu
506 3849 661 3916 cotttingcre
676 3849 787 3916 fatrguor
805 3864 810 3899 :
987 3854 1090 3910 spurias
1104 3864 1272 3910 marianarum
1291 3853 1402 3924 perfecti
1424 3855 1551 3924 usurparis
1567 3869 1679 3925 agrium,

136 3943 192 3999 Sed
207 3943 316 3998 morbos
330 3952 425 3995 ructatis
438 3938 591 3994 discr-imina
607 3939 728 4009 corporis
744 3947 829 4008 urget.
935 4010 941 4021 x
989 3945 1039 4012 Qui
1055 3954 1146 3999 eareat
1157 3946 1276 4010 marrata,
1293 3954 1320 3999 et
1334 3960 1428 4012 paurum
1443 3943 1489 4000 det
1503 3959 1618 4013 corpore
1633 3945 1731 4001 selles,

140 4038 262 4092 Praeterit
279 4035 322 4088 dle
337 4035 412 4098 dies;
429 4041 483 4086 luttt
498 4032 604 4086 dentum
620 4032 680 4087 luce
693 4041 781 4086 secuta
990 4037 1047 4091 flato
1059 4037 1156 4091 anitnal
1171 4036 1246 4092 festis
1259 4035 1427 4102 ntactabitis;
1443 4035 1522 4104 hujus
1537 4045 1680 4107 utrumque

136 4129 296 4185 concutitur
310 4126 406 4182 coelurn
423 4126 533 4192 tonitru,
544 4123 682 4193 rtobcsquc
694 4131 795 4177 coactae
989 4125 1111 4198 signabit
1127 4130 1236 4199 salignis
1250 4127 1335 4183 nitido
1349 4128 1382 4183 de
1402 4144 1515 4198 crrrpore
1529 4138 1644 4197 postem·

141 4223 264 4278 Terribili
279 4220 420 4290 splendore
433 4218 547 4282 ιιιὶιιιιιιι;
565 4216 624 4270 ierit
637 4213 725 4269 outnia
739 4212 826 4282 frrtgor
990 4219 1046 4273 floc
1059 4219 1131 4272 dabit
1146 4220 1272 4274 iudicium
1288 4219 1428 4274 servande
1442 4232 1505 4274 cura
1521 4220 1625 4275 salutis.

140 4316 262 4370 1111111111
277 4328 372 4382 attensi
387 4310 828 4373 11111811110511111111111011111111111
990 4309 1056 4364 Cum
1071 4324 1215 4380 percussor
1228 4320 1286 4380 aget
1303 4311 1409 4365 tacitam
1423 4310 1481 4365 sine
1496 4309 1606 4366 rtrlrterc
1618 4311 1731 4378 cedem,

141 4404 255 4460 AEtlierc
271 4404 374 4457 turbato
394 4401 472 4455 terris
489 4399 622 4454 elenrema
637 4397 783 4452 nrirrantur.
992 4401 1141 4471 Perspiciet
1152 4415 1228 4456 sacro
1243 4403 1323 4457 limen
1339 4401 1473 4457 maduisse
1487 4416 1594 4468 cruore,

141 4498 250 4566 lpnibus
263 4496 390 4550 inseritur
405 4491 569 4561 praegrandis
583 4504 695 4559 corpore
709 4487 828 4560 grando,
950 4468 1047 4547 Dtloe
1062 4500 1163 4547 tanturn
1179 4494 1293 4547 transire
1308 4492 1544 4560 rolensdistantia
1559 4491 1620 4547 talis

142 4589 200 4642 b'on
218 4594 247 4639 ut
268 4585 338 4639 nube
355 4582 424 4637 solet
439 4581 517 4635 terris
537 4579 656 4633 nimbosa
672 4580 762 4635 tenire
779 4593 785 4631 :
989 4582 1111 4639 Custodit
1123 4593 1226 4638 uestras
1240 4584 1341 4652 sparsis
1357 4599 1372 4638 a
1388 4583 1520 4638 utor-tibus
1533 4581 1617 4638 aedes.

142 4678 195 4732 Sel
211 4687 369 4746 quocunque
382 4671 481 4727 cadens
497 4680 524 4724 ιιι
539 4671 686 4739 deprimat,
701 4679 780 4740 atque
794 4669 899 4724 ruinam
990 4673 1035 4729 Sic
1046 4689 1106 4740 nos,
1121 4672 1238 4736 Christe,
1256 4685 1329 4729 tuum
1345 4674 1432 4730 saltet
1445 4687 1526 4742 super
1539 4672 1630 4727 onrrria
1646 4673 1814 4741 signor-

142 4768 266 4823 Pondere
280 4766 320 4818 vel
333 4763 390 4818 ⁵⁰¹0
402 4761 499 4825 facitu
513 4762 683 4832 coniungitur
692 4776 757 4832 ergo
989 4766 1133 4822 Frontibus
1144 4767 1296 4836 impositum
1312 4766 1371 4821 :sic
1382 4767 1491 4834 sangrrit
1502 4766 1620 4834 denique
1630 4776 1776 4831 sanctus..

129 4859 326 4913 ·Grauditreum
346 4857 461 4911 flamnris
481 4855 645 4911 ferventibus
658 4869 721 4909 aere
735 4853 827 4924 frigus,
989 4858 1063 4915 Tunc
1079 4858 1274 4929 praemonstrati
1289 4857 1388 4912 dudam
1404 4859 1449 4927 qui
1465 4856 1586 4913 funditur
1599 4859 1673 4928 apati,

144 4952 178 5004 Et
192 4959 286 5002 natura
303 4948 361 5002 neci
376 4962 486 5002 servans
500 4947 616 5016 assignat
631 4954 783 5014 utrumque.
988 4951 1085 5004 oribus
1101 4949 1202 5004 inlusus
1215 4957 1304 5018 postes
1319 4949 1448 5005 lustrasse
1464 4956 1570 5004 tuorum

143 5044 193 5099 llic
209 5043 310 5113 prirnus
323 5051 440 5111 stragem
455 5040 556 5110 sparsis
569 5039 615 5094 dat
629 5037 759 5093 mortibus
774 5037 874 5102 irnber;
988 5041 1189 5098 interlabente
1204 5041 1334 5098 ferventia
1351 5041 1443 5096 ferrera
1459 5039 1551 5095 mendi

144 5138 213 5192 Exin
229 5144 373 5190 restantem
388 5134 473 5202 surgit
484 5145 642 5187 corrsumere
656 5129 770 5185 fructum
988 5134 1129 5200 Credatur,
1144 5149 1263 5204 casuque
1279 5143 1338 5188 tuos
1351 5132 1488 5186 discernat
1499 5132 1534 5187 ab
1548 5131 1636 5186 orani.

144 5228 286 5294 Brucluts,
301 5238 329 5284 et
341 5242 454 5284 ctcttsso
469 5223 608 5281 conlidens
625 5236 704 5278 crure
718 5221 829 5277 locusta.
990 5226 1057 5281 brim
1073 5241 1125 5281 nou
1140 5227 1257 5296 signatos
1272 5223 1404 5293 percurrit
1416 5221 1509 5278 furere
1520 5236 1626 5285 nrumo.

144 5323 202 5379 lloc
216 5322 262 5376 sed
278 5321 356 5376 docta
372 5318 458 5387 unalis,
471 5325 499 5374 et
509 5316 564 5387 jam
579 5316 734 5372 discrimine
748 5314 844 5370 crebro
990 5319 1029 5375 'fu
1043 5334 1176 5390 coporosce
1191 5331 1262 5374 tuam
1276 5317 1403 5374 salt-anda
1420 5317 1446 5371 iu
1461 5315 1538 5385 plebe
1554 5315 1678 5387 liparam.

144 5417 283 5486 tanquam
298 5414 357 5469 lene
370 5412 434 5467 solis
447 5411 544 5466 callosa
558 5409 683 5481 superbit
698 5405 784 5462 duxit.
991 5413 1194 5482 usquecunque
1208 5412 1266 5466 loco
1279 5424 1387 5465 sanctus
1401 5407 1560 5463 rtaactalritur
1573 5421 1670 5477 aptans,

145 5507 297 5577 insequitur
313 5504 390 5558 velot
404 5505 511 5573 gravius
524 5517 584 5572 que
596 5502 713 5558 uindicet
726 5501 776 5555 ira.
990 5508 1078 5575 Atque
1091 5503 1153 5560 cibo
1165 5512 1286 5559 sanctum
1301 5501 1452 5573 porrexerit
1463 5500 1550 5554 bestia
1564 5513 1665 5568 corpus

146 5597 236 5651 cacas
250 5611 329 5650 naane
345 5608 414 5651 noro
428 5607 541 5662 surgens
555 5593 596 5648 sol
610 5605 745 5663 sparserat
761 5592 881 5661 rtrrrbras‚
990 5594 1052 5649 Rite
1068 5608 1191 5662 sacrum,
1209 5593 1331 5650 celebret
1345 5591 1406 5646 ritae
1421 5589 1552 5660 promissa
1566 5587 1703 5658 sequentis

147 5685 180 5743 Et
195 5688 270 5744 lactus
278 5687 381 5760 jubaris
394 5684 550 5760 splendebat
563 5683 648 5744 fronte
659 5685 758 5754 sereni,
991 5688 1134 5748 Fermento
1149 5701 1264 5758 nequam
1277 5684 1378 5755 duplici
1397 5683 1431 5741 dc
1445 5681 1527 5740 corde
1541 5680 1663 5748 revetra.
1684 5751 1691 5762 ο
