3816 6120
179 266 214 319 ιιι
849 260 983 318 GEthil
1006 260 1136 320 PbPAEl
1165 304 1168 310 ·
1774 270 1812 328 bl

179 387 281 433 rectum
297 387 493 448 eortsrqucuter
508 377 634 434 alrnrlrlt.
654 375 702 432 llic
718 384 806 431 autem
823 376 864 430 rir
878 375 964 430 bouus
981 377 1003 433 a
1020 377 1158 443 minuant,
1171 387 1198 434 ot
1209 388 1364 436 consortem
1382 380 1579 436 communionis
1590 392 1710 437 externae
1731 396 1810 439 astra

178 478 206 526 ct
218 469 345 525 sacer-dns
359 471 492 539 egregius,
509 470 534 522 in
551 478 654 523 tanturn
666 482 697 524 sc
711 476 739 522 et
753 482 897 538 suggerere
919 484 967 536 pn-

179 562 261 615 tuisse
275 562 445 627 tnurrstravit,
459 570 486 615 et
499 559 618 615 uoluisse
636 560 823 629 deprompsit,
847 559 902 613 into
928 559 967 610 la·

179 651 248 706 sisae
262 652 394 719 patetecit,
410 660 479 706 utet
504 652 649 721 imperatur
671 659 768 705 cuncta
792 664 823 705 se
848 665 880 704 ex
908 649 966 718 ejus

176 742 292 809 gemisse
307 742 484 797 corrsitionon
508 749 623 806 taceret,
642 751 670 797 et
694 742 751 812 ipse
775 741 963 810 imperatorem

178 835 281 905 magnis
297 835 436 901 praecernis
461 835 579 890 clevaret
604 835 653 889 ista
670 834 829 899 lacietrtem;
851 849 965 904 seseque

177 926 304 995 proderet
318 926 358 979 tris
369 926 479 996 agendis
493 927 574 981 rebus
584 926 666 982 tuisse
677 927 848 997 participem.

212 1019 265 1074 Sed
279 1029 338 1074 esto
350 1018 496 1074 Calendion
511 1033 608 1073 uonten
624 1021 793 1089 imperatoris
807 1018 959 1081 abstulerit,

175 1116 294 1169 ltrannes
317 1113 428 1184 principi
455 1113 582 1168 mentitus
597 1113 678 1168 tuisse
697 1113 813 1180 jactetur
828 1131 835 1166 :
852 1127 912 1175 utrae
928 1122 964 1165 ta·

177 1220 251 1269 uren,
266 1222 327 1260 cunt
351 1218 429 1258 notre
450 1214 542 1258 essent
565 1218 663 1262 causae.
680 1219 748 1258 nota
771 1203 864 1258 debuit
877 1202 966 1257 cccle-

175 1296 281 1352 siastica
311 1296 453 1365 prorreuire
480 1296 620 1350 discussio.
637 1299 678 1350 An
705 1295 749 1366 qui
776 1294 802 1349 in
828 1293 964 1349 bourincm

176 1389 365 1457 insperatorern
392 1401 519 1456 peccasse
546 1387 715 1449 dicebantur,
744 1386 815 1439 nulla
848 1386 966 1439 interne·

176 1478 266 1534 niente
292 1476 397 1549 syuodo
410 1477 492 1547 dejici
517 1478 682 1540 debuerunt;
707 1488 732 1532 et
749 1477 775 1530 iu
802 1476 898 1540 Deum,
919 1476 965 1545 qtti

175 1582 296 1623 summus
309 1576 337 1622 ct
349 1582 428 1622 tetus
442 1574 485 1622 est
496 1567 653 1635 imperator,
668 1565 794 1622 Acacium
807 1566 965 1634 delinquen-

142 1644 145 1650 ’
177 1669 230 1712 tem
248 1659 436 1727 sinceramque
459 1661 676 1714 communionem
704 1658 787 1713 divini
803 1659 963 1713 sacramenti

1019 471 1209 523 corrrmtutioue
1222 469 1350 535 dimovit,
1365 485 1415 525 uec
1437 484 1505 540 opus
1527 469 1573 525 luit
1600 487 1667 526 noua
1692 473 1810 544 synodo,

1018 576 1079 618 cnm
1095 563 1195 618 ueteris
1211 565 1351 620 constituti
1379 564 1545 619 sollteienter
1566 564 1618 619 boc
1639 563 1723 620 lomra
1739 581 1810 636 praa·

1017 656 1167 722 scritreret;
1192 671 1241 711 uec
1255 671 1324 726 opus
1348 657 1396 711 luit
1414 666 1443 713 ut
1469 657 1527 713 baec
1549 657 1671 712 iacienda
1690 658 1809 715 Orientis

1017 748 1151 816 episcopis
1163 749 1309 812 intimaret,
1322 763 1389 818 qnos
1400 757 1427 802 ct
1435 748 1806 816 expulsionemrtrolieoaan,

1017 854 1052 907 nu
1062 858 1076 890 n
1090 839 1240 908 agebantur
1259 840 1287 892 itt
1301 853 1381 894 causa
1398 839 1458 894 tidei
1474 854 1528 894 nott
1544 839 1684 908 ignorasse
1697 840 1809 894 manile·

1017 942 1087 983 suun
1101 930 1147 996 sir,
1162 939 1190 985 et
1204 930 1428 986 communicando
1443 930 1578 986 baeretieis
1591 929 1755 1000 subrogatis,
1771 930 1809 984 la*

1016 1030 1060 1075 cto
1074 1020 1118 1074 tali
1131 1020 1312 1076 consensisse.
1327 1019 1387 1075 lton
1403 1020 1513 1075 domum
1533 1031 1575 1076 est
1587 1021 1668 1075 etiarn
1686 1029 1808 1075 externa

1016 1112 1212 1166 corrrmuniouts
1235 1111 1358 1179 effeetus,
1372 1121 1453 1180 atque
1476 1111 1537 1166 ideo
1561 1125 1622 1165 curu
1636 1111 1676 1166 cis
1687 1110 1742 1180 jam
1759 1125 1809 1166 nec

1017 1205 1146 1275 potuisse,
1159 1220 1209 1260 uec
1217 1205 1342 1259 debuisse
1354 1203 1429 1259 sedis
1442 1202 1597 1272 apostolieae
1608 1203 1676 1256 scita
1689 1205 1807 1255 tractari.

1018 1299 1087 1352 Eece
1100 1305 1267 1367 agnoverunt
1280 1296 1305 1351 itt
1320 1311 1413 1351 eoruur
1434 1294 1601 1365 professione
1622 1293 1667 1362 qui
1677 1302 1808 1348 cottstau·

1017 1389 1119 1444 tissiute
1144 1389 1331 1458 perdurarunt,
1347 1387 1410 1458 quid
1434 1387 1495 1443 lidei
1508 1383 1746 1454 communionique
1762 1399 1807 1438 ea·

1016 1479 1122 1535 tbolicte
1136 1479 1289 1536 deberetur.

1051 1573 1121 1628 neec
1131 1579 1298 1642 agnoverunt
1323 1567 1548 1638 quemadmodum
1574 1580 1590 1620 a
1614 1565 1712 1620 talibus
1734 1579 1807 1620 rece-

1016 1663 1115 1727 dendo,
1136 1664 1191 1718 imo
1216 1662 1313 1717 talibus
1335 1662 1470 1717 contraria
1495 1659 1641 1722 moliendo,
1663 1674 1679 1712 a
1701 1658 1753 1713 title
1780 1666 1808 1713 et

176 1749 329 1805 studentem
340 1751 454 1804 miscere
465 1764 525 1804 crtur
539 1748 656 1818 pertidis,
670 1751 817 1805 secuudum
832 1751 963 1820 synodum
981 1731 1004 1791 Β
1018 1756 1208 1810 communione
1220 1754 1350 1808 catholiea
1364 1752 1477 1807 deviarit
1493 1751 1615 1813 amerus,
1638 1764 1722 1818 seque
1736 1748 1807 1816 pari·

176 1858 227 1910 qua
242 1844 298 1896 leaeo
309 1850 349 1895 est
358 1842 480 1894 damnata
493 1843 613 1910 pertidia,
623 1857 676 1895 nott
687 1843 828 1911 oportebat
837 1841 968 1897 excludit

180 1931 249 2000 Quid
265 1947 312 2001 per
323 1942 407 1986 toturn
421 1933 557 1986 ttrieutent
568 1933 602 1986 rte
614 1932 761 1987 innotueris
770 1933 881 1987 urbibus
897 1933 966 2002 pulsi

178 2023 304 2077 catltolici
331 2025 495 2084 sacerdotes,
512 2032 540 2076 et
560 2023 679 2077 lraeretici
706 2024 860 2093 subrogatil
886 2023 968 2078 Notae

175 2122 250 2168 ccrtc
263 2123 340 2168 eraut
354 2130 452 2176 causat,
464 2123 490 2168 ct
506 2115 546 2168 tris
558 2125 756 2183 cortsennenter
769 2129 837 2169 nova
848 2113 967 2185 synodus

177 2203 336 2258 debebatur.
354 2202 408 2258 Cur
423 2213 486 2257 tunc
506 2219 557 2258 nott
574 2205 647 2258 teuit
660 2205 686 2258 itt
710 2215 827 2258 mentem
843 2212 873 2258 ut
887 2205 914 2259 itt
929 2215 968 2260 ta·

178 2296 247 2349 tibus
262 2295 351 2351 causis
367 2304 504 2363 pateretur
528 2310 541 2347 n
564 2296 683 2364 principe
708 2295 802 2350 saltent
815 2298 968 2366 qualiscun-

177 2401 230 2453 nuc
243 2387 361 2456 synnodus
375 2385 546 2451 celebranda,
563 2395 592 2441 ut
609 2400 769 2456 quocunque
788 2387 832 2442 rel
846 2387 967 2442 colorato

175 2482 278 2549 iudicio
303 2483 454 2538 traditionis
482 2482 670 2537 ecclesiasticae
699 2482 798 2551 passim
827 2483 967 2552 pontifices

176 2573 331 2630 riderentur
355 2574 470 2640 exclusi,
499 2589 551 2627 uon
569 2574 655 2627 solum
680 2587 899 2643 quarumcunque
922 2589 966 2628 ttr-

176 2669 250 2726 bittm
277 2669 445 2734 sacerdotes,
472 2669 519 2722 seri
548 2668 745 2735 tttetrupolirani
778 2669 965 2725 incunctanter

176 2760 329 2817 antistites?
343 2759 389 2815 ilis
402 2760 527 2816 omuibus
538 2776 598 2815 cunr
615 2776 666 2813 oon
681 2760 780 2814 restitit
794 2762 964 2831 strggestiuue

176 2870 229 2925 qua
244 2857 340 2924 potuit,
359 2856 496 2909 consensit
511 2854 625 2908 Aeacius
651 2854 875 2909 toutrrrunicaudo
899 2871 964 2910 erru-

176 2946 226 3002 ctis
239 2948 284 3016 qui
309 2947 336 3001 in
351 2948 543 3002 catttolicorun
566 2948 652 3002 locunt
669 2948 785 3002 ltaerctici
801 2947 905 3002 inerant
918 2963 964 3002 su-

176 3036 291 3106 brogati.
308 3038 451 3108 Apostolus
465 3045 554 3093 autem
569 3038 654 3093 dicit:
671 3037 732 3091 Nou
752 3040 837 3093 sotum
855 3041 898 3109 qni
920 3043 932 3105 ι
949 3068 962 3080 -

175 3128 206 3183 ct
219 3137 256 3196 ut,
269 3129 314 3183 ted
327 3136 351 3182 et
365 3131 410 3199 qru'
420 3130 579 3183 cortscutirtut
599 3130 762 3200 [scientibus.
781 3145 843 3186 reos
858 3131 963 3185 indubi-

176 3231 264 3277 tanter
291 3222 397 3276 ascribi.
414 3224 454 3276 bn
480 3223 537 3277 lrtec
553 3223 626 3278 licuit
646 3224 768 3278 smcttlnri
793 3225 916 3294 potestati
937 3235 964 3281 et

175 3313 242 3370 actis
257 3312 355 3367 talibus
370 3315 469 3369 beneio
479 3317 655 3369 consentienti
667 3316 767 3379 absone
780 3317 831 3371 ulla
847 3319 962 3388 synodo,

175 3416 254 3470 uttam
282 3403 339 3469 ipsa
367 3418 455 3457 reram
485 3406 588 3458 rtoeitas
604 3406 738 3474 exigebat,
766 3408 867 3477 absque
890 3409 963 3464 sedis

175 3494 333 3558 apostolice
357 3495 554 3549 eorrsultatione
572 3496 714 3564 pertineam
740 3509 765 3553 et
785 3499 841 3553 sedi
856 3511 964 3570 aposto·

176 3585 233 3641 licat
248 3602 302 3641 non
318 3587 390 3641 licuit
405 3588 552 3642 secundum
571 3599 690 3643 tenorem
705 3591 800 3660 syuorli
812 3590 962 3646 Chalcedo-

176 3676 268 3732 ueusis
291 3677 318 3732 in
343 3682 427 3731 uereri
456 3679 547 3745 rrtlnue
571 3692 650 3733 causa
667 3681 792 3734 eluctati
815 3682 963 3737 constituto

173 3774 244 3837 truta
271 3769 427 3825 delinitione
450 3770 582 3824 damnatis
603 3772 719 3826 inimicis
734 3773 828 3844 synodi
850 3774 962 3830 Clralce·

173 3858 301 3914 dcuemb
324 3860 450 3916 neaeram
473 3864 714 3917 communicantem
738 3880 752 3915 a
781 3881 827 3918 sun
843 3881 962 3920 connnu-

174 3951 254 4007 trione
268 3951 421 4020 depelleret
436 3951 489 4007 Sed
505 3954 628 4021 Aeacius,
654 3957 784 4026 irtqrriunt,
798 3956 963 4028 prittciptbus

173 4041 282 4098 obviate
292 4057 343 4097 non
356 4044 452 4112 potuit.
469 4045 522 4098 Cur
538 4045 606 4099 basil
619 4061 675 4114 sco,
691 4051 751 4116 nula
764 4049 859 4115 tultrit,
872 4052 962 4105 otrttia·

174 4133 228 4188 riti
240 4131 293 4190 Cur
310 4134 361 4202 ipsi
376 4134 486 4200 Zenoni,
512 4151 546 4192 tre
571 4139 657 4207 palato
680 4141 758 4195 Petro
781 4143 960 4210 baimiaco,

173 4229 296 4295 quamuis
312 4228 426 4283 latenter
451 4231 501 4283 boc
517 4229 591 4297 let-it,
606 4237 959 4303 cornutuuicaresileretur,

174 4335 230 4374 nott
255 4319 435 4375 commodavit
461 4326 620 4377 assensum?
648 4325 717 4380 Ecce
739 4327 879 4382 nentrarnt
907 4346 960 4384 mnt

173 4409 271 4466 restitit
284 4409 445 4479 impetatur;
459 4425 524 4467 ecce
536 4413 587 4466 situ
604 4414 704 4467 nnlenti
716 4432 767 4470 rrott
779 4419 882 4486 intulit,
895 4436 958 4475 cccc

173 4497 313 4569 miupieuti
339 4502 461 4569 contagia
489 4504 631 4557 manifesta
659 4509 806 4574 crtus-essin
823 4520 959 4578 postremo

172 4602 221 4642 cur
241 4597 316 4642 tauto
330 4599 449 4659 ternpore
463 4605 523 4645 cnut
548 4593 596 4645 ista
612 4610 706 4662 gerere
728 4607 772 4653 ιιιι
786 4601 828 4655 vel
841 4606 958 4672 gerenda

171 4692 356 4749 cognosceret,
383 4698 435 4735 uurr
458 4686 490 4734 arl
506 4684 597 4738 sedeur
611 4688 797 4754 apostolicam,
813 4705 893 4761 aqua
908 4696 958 4751 sibi

100 4813 102 4818 .
171 4784 265 4825 curant
281 4772 388 4827 illaruut
403 4775 541 4842 regionum
557 4790 669 4834 noscunt
688 4781 839 4852 delegatam
853 4786 959 4850 deferre

170 4862 353 4919 coratittSert
366 4866 440 4935 prius
455 4866 576 4922 laudator
590 4871 724 4929 tactrtsest
742 4876 800 4944 ipse
810 4889 956 4948 gestorum,

170 4968 250 5022 uuam
265 4954 307 5008 vel
323 4968 502 5023 practuoneret
522 4961 585 5016 talia
607 4975 669 5019 esse
698 4968 834 5034 tentanda,
859 4972 900 5027 ret
924 4988 958 5029 ne

171 5052 338 5100 tetttarautur
348 5047 491 5103 obsisteret
505 5067 512 5102 ι
529 5051 599 5106 sicut
611 5054 661 5109 sub
675 5055 804 5115 Basilisco
815 5060 869 5128 jam
886 5063 957 5119 lece.

171 5145 224 5191 rat.
240 5133 295 5192 Cur
321 5137 372 5191 illi=
395 5142 501 5195 esteris
526 5145 725 5202 communicare
751 5154 896 5219 consentit,
913 5157 958 5226 qui

169 5227 287 5298 depulsis
301 5229 440 5286 catbolicis
453 5234 659 5302 sacerdotibus,
676 5239 858 5299 indubitanter
871 5245 957 5302 boere-¹

169 5319 214 5376 tici
229 5319 343 5389 siugulis
357 5321 465 5375 urbibus
487 5321 593 5379 lucrant
607 5326 765 5390 substiterit
781 5329 920 5389 Postremo
934 5336 957 5391 si

169 5414 216 5470 tlte
229 5414 312 5471 dcloit
326 5416 381 5469 suis
396 5415 528 5482 partibus.
550 5430 577 5474 et
592 5436 652 5490 quar
666 5426 798 5480 sacerdoti
824 5427 958 5484 corbolien

169 5519 351 5574 competerent
364 5522 445 5576 agere
466 5523 519 5560 nou
541 5513 830 5576 consummemini
850 5531 956 5586 aptoto-

168 5595 303 5665 licattuod
318 5596 424 5653 adeam
448 5599 600 5667 pertinebat
615 5605 655 5657 tel
683 5607 768 5672 potuit
791 5609 835 5662 uel
863 5609 956 5666 debuit

169 5690 315 5755 craterae
334 5689 458 5757 tprrrlibet
481 5691 561 5748 modo
583 5693 769 5750 trareticorum
791 5702 951 5765 comnlrcetn

1020 1854 1061 1899 ter
1081 1859 1142 1899 cttur
1156 1843 1251 1898 cudent
1273 1843 1356 1897 errori
1372 1841 1534 1896 subdiderit.
1550 1840 1619 1894 Ecce
1642 1847 1807 1909 agnoverunt

1018 1937 1185 2006 ouarujuslis
1199 1952 1231 1991 ex
1247 1936 1336 1992 causis
1349 1950 1397 2002 pro
1413 1934 1464 1988 tide
1476 1943 1500 1988 et
1515 1932 1705 1987 commuuione
1719 1930 1807 1986 calitu-

1018 2032 1068 2087 lica
1082 2042 1160 2102 arante
1175 2030 1334 2100 apostolica,
1348 2029 1390 2084 cni
1405 2037 1433 2083 et
1443 2028 1479 2082 illi
1489 2026 1533 2097 qui
1546 2028 1571 2080 iu
1586 2042 1617 2081 ca
1633 2026 1808 2094 perstiterant

1017 2121 1212 2191 congruebant,
1227 2130 1255 2176 et
1277 2121 1315 2176 illi
1329 2121 1373 2189 qui
1397 2118 1577 2189 perstantibus
1603 2117 1758 2179 obviabant,
1774 2116 1807 2169 ab

1018 2212 1112 2267 cadem
1135 2211 1408 2275 docebanturalieni,
1422 2210 1494 2265 sedis
1516 2209 1672 2277 apostolicae
1691 2208 1807 2261 auctori-

1019 2312 1072 2366 tate
1085 2303 1117 2356 sit
1134 2313 1253 2357 remotus
1269 2302 1392 2367 rteacius,
1409 2303 1522 2370 ejttsqrre
1541 2301 1641 2367 pariter
1654 2300 1807 2368 quicunque

1017 2395 1163 2464 complices
1176 2395 1352 2460 exstiteruut;
1367 2405 1448 2464 atquc
1468 2394 1502 2448 ab
1519 2392 1564 2446 illa
1578 2391 1676 2447 ruerito
1687 2406 1808 2446 curamo-

1018 2485 1097 2541 uione
1110 2499 1171 2540 cunr
1191 2485 1233 2539 bis
1249 2486 1392 2550 discretus,
1406 2499 1421 2538 a
1435 2499 1486 2554 uua
1501 2498 1530 2539 se
1544 2485 1602 2552 ipse
1615 2485 1729 2554 primurn
1744 2498 1805 2537 curu

1017 2579 1073 2633 suis
1096 2578 1276 2641 cotrsortibus.
1300 2594 1316 2633 a
1344 2576 1514 2648 pontificibus
1541 2575 1681 2631 catholicis
1702 2575 1806 2629 discre-

1017 2669 1116 2738 pando,
1142 2669 1312 2733 conuincitur
1335 2683 1484 2737 separasse,
1507 2667 1622 2737 jureque
1644 2665 1806 2721 seutentiam

1017 2759 1062 2813 ille
1083 2759 1262 2813 damnationis
1288 2761 1403 2827 excepit.
1423 2758 1528 2812 cereris
1551 2756 1722 2811 consortibus
1743 2771 1805 2824 pro·

1016 2849 1198 2918 trrttlgaudatu,
1213 2851 1256 2918 qui
1277 2851 1351 2905 solus
1366 2865 1413 2918 pro
1425 2848 1550 2904 otttnibus
1566 2848 1623 2901 suis
1635 2847 1805 2902 consortibus

1017 2940 1042 2991 irr
1058 2940 1273 2994 commuttionem
1293 2954 1322 2994 se
1337 2938 1465 2994 recidisse
1480 2936 1598 3007 pernota
1620 2937 1653 2991 ad
1676 2938 1806 3006 aprustolr·

1016 3045 1074 3085 carn
1090 3033 1180 3086 sedent
1196 3030 1286 3086 ruissis
1301 3030 1398 3087 litteris
1411 3039 1453 3086 est
1468 3028 1615 3100 protessus.
1630 3029 1677 3083 Cui
1694 3031 1715 3082 si
1731 3043 1805 3083 rour-

976 3094 1220 3177 ctuunieareraut
1243 3121 1394 3177 Orientales
1417 3120 1552 3189 episcopi,
1581 3128 1723 3188 autequam
1751 3118 1805 3173 buc

1015 3214 1138 3282 relerret,
1157 3217 1211 3282 parri
1231 3217 1324 3284 utique
1345 3214 1404 3268 sine
1420 3213 1501 3267 dubio
1513 3222 1588 3267 reatu
1602 3212 1749 3280 probantur
1765 3212 1804 3264 in-

1014 3307 1096 3373 uniri,
1114 3309 1229 3377 jureque
1243 3323 1291 3377 per
1314 3323 1375 3363 cnut
1400 3308 1560 3362 sententiam
1581 3305 1804 3375 transgressionis

1014 3405 1197 3471 srt‘sceperunt,
1212 3409 1337 3469 tauquam
1351 3398 1413 3453 lacti
1426 3412 1486 3452 crnn
1497 3398 1591 3452 eodem
1605 3395 1802 3451 communionis

1014 3504 1143 3548 externae.
1166 3493 1217 3558 Qut
1231 3493 1321 3563 utique
1349 3504 1401 3545 nott
1426 3491 1542 3553 consuli,
1559 3501 1683 3558 tanquam
1702 3499 1802 3542 nostrae

1013 3584 1208 3640 communionis
1226 3583 1359 3647 bortrines,
1378 3581 1432 3650 jattt
1445 3581 1589 3645 deberent;
1609 3580 1655 3634 serl
1674 3588 1801 3648 tattqttaut

1014 3677 1041 3730 iu
1054 3680 1190 3731 contrario
1212 3676 1291 3747 positi
1312 3675 1450 3728 consortio
1475 3672 1597 3728 refutari.
1614 3671 1642 3726 Si
1666 3685 1729 3724 uero
1750 3686 1802 3723 uon

1013 3769 1206 3824 ornnmuntcan
1217 3777 1278 3820 rant
1291 3775 1432 3834 antequam
1444 3764 1558 3819 Aeacius
1573 3764 1625 3816 lrtto
1638 3760 1761 3816 reterret.
1775 3769 1801 3814 ct

1012 3862 1255 3915 communicantem
1271 3868 1365 3913 notare
1379 3857 1538 3919 debuerant,
1560 3862 1586 3907 et
1600 3852 1650 3921 ipsi
1667 3852 1755 3920 potius
1767 3850 1801 3904 de

1013 3956 1107 4008 eodem
1134 3951 1309 4008 boerelerre.
1330 3961 1409 4018 atque
1434 3945 1589 4017 apostolicae
1616 3942 1688 3998 seriis
1709 3943 1802 4010 uigore

1014 4047 1164 4116 perculsum
1178 4045 1274 4100 ureritu
1288 4042 1477 4112 ‹torrrprobarm
1494 4053 1608 4106 cumque
1617 4051 1649 4091 ea
1660 4035 1724 4090 sede
1738 4048 1803 4102 apo-

1012 4140 1105 4194 stoliea
1133 4140 1265 4206 tatrtisnue
1280 4136 1333 4190 iltis
1355 4133 1496 4188 catlrolicis
1518 4129 1694 4199 pontificibus
1717 4127 1802 4191 masis

1015 4246 1106 4286 rcuere
1128 4230 1309 4284 correordiaru.
1327 4226 1379 4281 Seri
1395 4224 1455 4294 quia
1481 4223 1515 4276 ab
1538 4221 1644 4275 illorum
1673 4219 1802 4272 socictate

1011 4323 1190 4383 desciuerant,
1216 4327 1360 4373 eteorum
1387 4311 1801 4369 successoribuscommunicate

1014 4416 1178 4482 delegerunt,
1195 4411 1255 4466 ideo
1275 4424 1335 4465 cum
1363 4408 1428 4463 sede
1442 4405 1589 4474 apostolica
1604 4403 1714 4458 minime
1737 4416 1801 4456 curr-

1012 4505 1155 4576 gtuclraut,
1170 4507 1232 4572 una
1257 4503 1282 4556 lu
1302 4511 1402 4557 sortem
1419 4498 1572 4555 reciderant
1588 4495 1801 4565 praevaricatoris

1012 4597 1111 4659 eoacti,
1126 4603 1154 4649 et
1167 4593 1240 4648 illins
1250 4607 1280 4647 sc
1291 4594 1349 4647 sine
1370 4591 1454 4646 dubio
1480 4588 1655 4659 pervidebant
1667 4586 1800 4640 sententia

1011 4693 1206 4755 cousequenter
1226 4680 1349 4761 astringi.
1363 4682 1403 4737 ob
1427 4683 1477 4737 boc
1498 4696 1560 4737 eum
1575 4676 1660 4734 rideri
1674 4676 1802 4731 nolebant

1011 4791 1071 4832 csse
1098 4764 1274 4839 damnatum,
1286 4774 1347 4842 quia
1370 4788 1399 4829 se
1423 4771 1621 4842 cognoscebant
1649 4769 1676 4822 iu
1705 4766 1799 4822 eadcrn

1012 4868 1235 4932 praevaricatione
1259 4866 1410 4930 damnatos,
1426 4864 1452 4918 iu
1466 4878 1518 4934 qua
1533 4862 1666 4930 borlieque
1690 4873 1801 4913 ntauere

1011 4960 1167 5029 persistunt.
1183 4957 1235 5014 Sed
1252 4958 1322 5016 sitrtt
1337 4955 1363 5009 bi
1381 4953 1460 5010 simili
1475 4951 1629 5009 conditione
1648 4947 1800 5012 constricti,

1009 5051 1168 5119 complrccm
1193 5063 1271 5109 suunt
1299 5063 1352 5102 uon
1380 5053 1491 5115 possunt
1517 5042 1639 5113 judicare
1663 5053 1718 5092 uutr
1740 5038 1801 5106 jure

1010 5145 1182 5210 damnatum,
1208 5157 1295 5210 oeque
1317 5141 1355 5199 tei
1383 5154 1458 5197 reum
1479 5143 1592 5207 possunt
1614 5138 1801 5200 competenter

1011 5239 1170 5303 absolvere;
1185 5237 1223 5292 sic
1239 5236 1285 5295 illu
1299 5232 1505 5302 praevaricatore
1516 5231 1588 5299 justo
1605 5227 1744 5289 rlarnuato,
1755 5222 1799 5275 isti

1009 5347 1119 5405 ottoque
1130 5333 1188 5401 pari
1204 5327 1296 5398 jacent
1307 5325 1478 5383 damnatione
1493 5319 1618 5393 prostrati
1631 5335 1640 5382 a
1651 5332 1738 5386 oeque
1749 5314 1802 5370 uisi

1010 5426 1200 5494 resipiscentes
1221 5423 1284 5477 iude
1306 5425 1432 5488 poterunt
1460 5429 1571 5485 prorsus
1592 5411 1711 5474 alrsolrti;
1737 5408 1800 5477 quia

1009 5525 1080 5578 sient
1092 5536 1140 5589 per
1156 5534 1237 5573 uuum
1263 5513 1424 5570 scribentem
1446 5525 1538 5566 eorum
1552 5507 1672 5563 omniunt
1693 5505 1799 5573 vttlpata

1009 5610 1187 5682 transgressio
1201 5619 1253 5675 cst,
1267 5607 1312 5678 qui
1336 5606 1362 5659 iu
1377 5604 1498 5661 camdem
1514 5603 1633 5672 pertidus
1649 5604 1800 5656 reciderant

1009 5707 1159 5767 acriorem:
1183 5703 1222 5763 tic
1247 5704 1272 5758 iu
1298 5701 1513 5778 unoeodcmtptc
1532 5704 1576 5772 qtri
1600 5719 1650 5773 pro
1676 5705 1800 5762 rnnnbns
