3832 6120
79 270 155 328 :aad
373 266 403 323 S.
423 265 516 323 nlltt
536 265 748 324 FRAGMENTA
768 268 856 325 albot
877 269 921 327 [iil
942 269 1138 326 btttntrtte
1157 269 1313 328 sottttrts
1332 271 1463 331 sancit.
1682 279 1735 337 aad

69 383 212 441 vicistis.
225 387 392 454 Quapropter
405 385 493 440 omnis
505 385 550 455 qni
566 384 662 440 viderit
672 399 763 440 coram
777 387 889 455 positam
903 385 1092 450 Aabsentium
1101 396 1142 443 est
1150 387 1511 458 quampraesentiumolfrciis
1517 389 1652 449 celebrate
1659 393 1734 466 (sic).

50 480 105 551 j
114 477 302 543 oeunditatem,
317 475 408 532 laudet
419 477 581 546 praeteritam
595 477 806 533 festinationem.
822 478 893 534 Con·
943 473 1100 533 Confidode
1112 477 1296 534 misericordia
1311 478 1358 534 liei
1373 480 1457 534 nostri
1477 482 1550 551 quod
1573 483 1655 538 etiam
1669 485 1736 540 mibi

59 566 173 622 veuit
185 566 409 637 dispositionibus
421 567 518 622 vestris
532 581 607 637 rapta
627 567 661 622 de
675 566 837 624 adversitate
851 582 893 624 ses
943 568 969 624 in
983 567 1035 625 boc
1047 571 1108 625 loco
1121 569 1336 640 quandocunque
1347 574 1522 639 opportunius
1535 574 1609 628 verbi
1624 583 1737 646 praesta·

55 661 209 716 curtus.
226 659 394 716 tutelerunt
406 670 527 717 omnum
538 661 608 730 fert,
620 663 693 732 qood
705 661 792 717 ntiter
806 661 892 720 libue-
942 660 981 715 bit
995 659 1109 729 aditum,
1121 660 1218 731 quibus
1232 662 1376 731 pemtnatae
1395 663 1604 720 conmendanti
1616 666 1736 722 oraratio-

57 761 139 810 rat
148 753 250 808 cervari.
270 751 326 822 Epo
349 761 485 808 autemut
505 752 600 807 borum
617 753 697 807 modo
715 754 818 809 visione
836 768 891 810 non
942 767 999 806 rem
1014 752 1150 807 concessit
1161 751 1296 807 ellectum.

68 847 233 914 memrnar,
248 854 275 901 et
289 863 349 916 quas
363 862 443 901 cansa
456 847 549 914 faciat,
570 857 598 903 et
613 847 717 902 nobiles
731 847 848 917 patroni,
860 855 892 904 et
1222 863 1389 921 pppspopp
1411 865 1454 920 pp,

55 942 189 1008 quales
201 938 308 1006 arbitri,
324 938 429 994 etiarnsi
453 947 588 1007 taceatur,
603 938 752 994 advertitis.
774 938 891 1010 Aposto-

63 1035 99 1089 Ι
109 1046 185 1086 orum
197 1046 315 1102 namque
324 1030 456 1086 festivitas
466 1031 663 1088 Viennensibus
673 1031 781 1102 quidem
793 1031 890 1088 vestris

56 1127 93 1182 ἰ
107 1135 168 1180 nter
180 1139 299 1179 annuum
319 1123 476 1194 martyrium
491 1123 549 1178 dies
570 1123 696 1192 peculiari
708 1123 797 1180 studio
811 1123 886 1180 sivit.

50 1215 188 1272 Habeo
213 1215 385 1286 presentiam
410 1215 610 1285 temporique
635 1215 689 1271 diei
703 1215 889 1285 passionisfa·

48 1305 206 1363 bricole
220 1322 300 1376 quarn
314 1307 401 1362 nostis
423 1306 531 1363 videtur
545 1305 662 1375 iniuncta
683 1321 744 1363 esse.
753 1304 888 1362 dedicatio

53 1401 235 1467 virorum,
250 1401 312 1470 quia
328 1399 395 1455 nibil
417 1409 460 1456 est
475 1401 509 1455 ad
528 1399 599 1470 quod
610 1400 729 1456 animum
741 1415 830 1456 meum
841 1413 888 1456 ve·

54 1500 151 1546 ster
166 1489 304 1546 destinare
327 1505 380 1545 uon
396 1492 482 1561 possit
503 1493 625 1546 allectus.
648 1491 787 1546 Excusans
803 1490 888 1562 plebi·

58 1580 164 1633 culae
185 1579 353 1646 absentiam,
370 1596 457 1637 meam
479 1591 672 1651 anteponerem
700 1581 887 1637 connsuetudini

59 1670 322 1742 siupularitatem,
339 1671 401 1738 nisi,
415 1682 443 1726 ut
457 1672 552 1739 nostis,
577 1674 602 1727 iu
615 1672 681 1743 ipis
696 1673 886 1742 poen÷uunbns
958 1727 965 1740 ,

53 1763 193 1819 nostris
207 1762 297 1819 ferror
310 1774 441 1834 appetens
454 1763 546 1819 vitium
568 1764 684 1820 vicinum
701 1765 745 1819 diu
761 1767 888 1821 formaret
903 1758 927 1819 tt
941 1736 1056 1799 meum·

60 1864 175 1923 atque
188 1855 346 1925 strepitum;
361 1868 447 1910 cume
462 1855 560 1910 uostris
571 1856 681 1910 ambitio
691 1856 807 1922 atiquos,
818 1856 885 1910 alios
1222 1817 1391 1875 Emswm
1408 1817 1453 1874 lv·

55 1944 250 2002 sollicitudo
266 1945 483 2014 adolescentior,
501 1947 601 2003 multos
620 1947 681 2017 pula
697 1957 812 2002 tractura
840 1950 885 2003 sit.
1025 1944 1095 1984 ΝΠ
1116 1944 1229 1984 EP¹⁸⁰⁰P¹
1249 1946 1283 1984 ιι
1307 1945 1459 1986 ⁰l⁵⁰⁰l¹¹¹l¹
1479 1944 1633 1985 ΕΡΜΟΝῙΙ·

49 2035 200 2091 Veritus
213 2050 274 2091 sum
288 2051 321 2092 oe
344 2035 414 2094 forte
432 2038 455 2092 si
471 2039 512 2093 vel
536 2053 634 2108 panem
655 2039 700 2108 qui
712 2039 800 2110 forent
817 2051 887 2110 quus
973 2044 1066 2099 Avitus
1080 2043 1224 2114 episcopus
1238 2043 1369 2117 Greporio
1382 2045 1521 2116 episcopo.

47 2130 180 2188 aliena
207 2128 390 2201 declinantes,
415 2146 473 2188 sue
497 2133 582 2202 mapis
604 2132 743 2188 festivitati
767 2121 886 2188 studium
974 2135 1041 2190 licis
1056 2134 1262 2205 potiusascribo
1278 2137 1406 2207 peccatis,
1427 2137 1498 2206 qnod
1512 2135 1607 2192 vosad
1620 2136 1697 2208 dispo
1712 2135 1734 2192 i·

42 2221 306 2280 mansuetudinis
328 2233 497 2295 approperet,
521 2224 590 2293 apud
605 2225 711 2294 aliquos
723 2223 841 2291 animus,
857 2233 887 2280 ut
940 2227 1039 2283 tiutnem
1055 2229 1182 2299 piissimae
1201 2229 1346 2284 voluntatis
1361 2231 1483 2298 corporis
1502 2229 1668 2299 inequalitas
1681 2231 1733 2284 im·

36 2315 160 2376 solet
171 2314 199 2369 in
210 2313 258 2370 tali
270 2315 429 2382 turbatione,
445 2324 533 2372 motus
541 2317 584 2371 isti
593 2317 668 2386 quasi
681 2332 728 2386 per
737 2316 886 2372 absentiam
940 2317 1050 2388 pedivit,
1066 2334 1220 2389 quanquam
1237 2328 1366 2376 consueta
1381 2317 1501 2390 dipnatio
1515 2319 1635 2375 oratioue
1645 2333 1695 2375 nus
1705 2328 1734 2376 et

36 2421 190 2473 umam,
214 2420 249 2463 eo
263 2406 308 2463 die
331 2421 428 2464 cursus
445 2417 545 2464 nostre
569 2408 720 2465 devotionis
749 2417 887 2478 putaretur
939 2411 1076 2467 oblatione
1095 2411 1222 2465 comitata
1247 2412 1291 2464 sit.
1308 2409 1384 2466 Unde
1398 2409 1568 2465 salutationis
1581 2409 1668 2465 officia
1682 2423 1730 2479 pa-

31 2495 190 2564 omitti,
205 2511 259 2568 qtto
270 2497 384 2553 disersae
404 2508 494 2568 partes
509 2499 667 2555 videbantur
682 2499 795 2556 institui.
810 2499 887 2556 Unde
938 2501 1000 2572 pina
1013 2502 1159 2557 famulante
1174 2501 1341 2570 persolvens,
1357 2515 1438 2572 supra
1452 2516 1532 2572 quam
1547 2507 1673 2558 sermone
1687 2515 1735 2556 va·

28 2591 293 2651 excusandans
307 2607 453 2650 meremur.
467 2594 496 2652 st
510 2596 640 2652 rationem
657 2596 706 2652 rite
729 2596 885 2668 apuovistis,
939 2594 984 2649 leo
995 2594 1096 2664 pratias
1107 2608 1169 2664 apo,
1182 2593 1254 2664 quud
1270 2593 1444 2650 festivitatem
1454 2601 1575 2649 nostram
1591 2592 1671 2663 pleno
1684 2604 1733 2647 vos

29 2684 235 2753 ignoscite,
257 2698 428 2743 communem
443 2686 615 2744 festivitatem
635 2690 832 2758 praeteritorum
845 2703 887 2746 re·
938 2684 1074 2742 desiderio
1100 2686 1248 2753 sitientem,
1262 2685 1343 2742 etiam
1362 2686 1386 2743 si
1407 2701 1461 2743 uon
1474 2687 1592 2743 satiastis
1613 2698 1753 2757 praetem.

28 2775 259 2842 cordatione,
275 2778 446 2844 praesendum
462 2780 627 2847 plenitudino
651 2781 816 2851 copnoscite,
833 2791 886 2836 tam
940 2781 986 2846 tia,
1003 2780 1135 2837 refecistis
1146 2795 1275 2851 expensa.
1303 2804 1316 2832 ι

977 992 1056 1032 ΒΕΔῊ
1076 992 1151 1032 ΑΠἸΊ
1170 992 1288 1032 setscoet
1307 995 1341 1032 ΔΙ)
1360 993 1517 1034 suseitatttttt
1538 994 1694 1036 eviscopos.

975 1088 1071 1144 Avitus
1083 1089 1225 1158 episcopus
1238 1087 1376 1159 Stephano
1386 1089 1526 1160 episcopo.

975 1178 1039 1234 Post
1054 1189 1173 1234 sanctam
1190 1179 1378 1248 festivitatem,
1390 1195 1469 1250 qnam
1493 1181 1556 1238 licet
1568 1182 1641 1238 aridi
1655 1191 1735 1254 atque

940 1269 1024 1335 anxii,
1050 1279 1142 1325 uestro
1164 1278 1254 1326 umen
1279 1270 1431 1327 interuentu
1450 1271 1599 1344 divinaque
1622 1275 1735 1331 tuitione

942 1362 1131 1431 transivimus,
1147 1360 1239 1418 debito
1262 1360 1405 1416 famulatus
1428 1362 1558 1434 obsequio
1582 1378 1614 1418 ac
1634 1364 1735 1420 sedulae

939 1452 1129 1509 sollicitudinis
1143 1453 1286 1510 devotione
1300 1455 1442 1520 servimus,
1458 1454 1588 1526 quidquid
1608 1455 1673 1511 illud
1686 1471 1734 1513 no·

940 1543 1043 1600 biscnm
1055 1544 1157 1600 merite
1177 1545 1330 1614 asperitatis
1343 1554 1400 1610 est,
1421 1545 1501 1600 solari
1524 1554 1634 1613 restra,
1654 1561 1734 1617 quam

941 1635 1011 1690 bens
1039 1650 1147 1705 semper
1171 1644 1285 1705 aupeat,
1312 1636 1501 1706 prosperitatis
1526 1636 1664 1708 apnitione
1684 1650 1734 1691 cu·

195 3130 534 3218 'FRAGMENTA
559 3137 692 3218 LIBRI
718 3138 783 3216 DE
809 3136 1109 3218 DIVINITATE
1138 3137 1370 3217 SPIRITUS
1395 3136 1588 3217 sancti.

136 3547 244 3605 Sanctus
258 3550 348 3606 Avitus
360 3551 387 3607 in
401 3550 449 3606 illo
462 3551 527 3607 fibro
536 3568 610 3621 quern
628 3553 660 3608 de
674 3553 812 3610 iliuiuitute
827 3555 888 3628 Spl-
902 3556 925 3620 c
941 3569 994 3610 non
1009 3555 1123 3613 dicendo
1137 3557 1271 3628 precessit,
1285 3559 1332 3614 sed
1346 3558 1470 3630 mocedit,
1484 3573 1538 3615 non
1555 3567 1660 3631 tempus
1673 3576 1736 3632 pro-

33 3637 253 3697 *furnum
264 3641 557 3699 sonquundoludum
576 3646 702 3700 Amanum
725 3663 809 3718 repent
821 3647 886 3701 rcri-
940 3648 1061 3703 cedentis
1074 3647 1176 3715 docuit,
1190 3649 1238 3706 sed
1260 3650 1396 3720 preterito
1422 3650 1565 3722 futuroque
1586 3651 1733 3722 submoto,

36 3731 158 3799 Νι,
168 3733 359 3802 prommioneuv
374 3733 489 3806 Spiritus
510 3737 592 3791 suncti
605 3753 621 3790 o
635 3736 716 3792 Putre
729 3747 753 3792 et
766 3737 836 3792 Filio
849 3738 888 3792 ito
939 3738 989 3796 sub
1003 3740 1207 3796 interminabilis
1218 3743 1367 3798 aeternitate
1378 3743 1528 3812 praesentiae
1539 3743 1665 3799 uirtutem
1675 3758 1735 3814 pro·

36 3822 218 3884 ‘aetem
940 3831 1072 3887 cessionis
1097 3833 1234 3899 ostendit;
1262 3842 1291 3889 nt
1312 3833 1382 3890 sient
1404 3845 1445 3890 est
1460 3836 1598 3906 proprium
1624 3835 1735 3906 Spiritui

135 3917 195 3976 lile
208 3919 350 3978 divinitate
371 3920 487 3991 Spiritus
507 3921 604 3990 sancti,
619 3937 699 3994 qnem
715 3937 766 3977 nec
789 3922 887 3977 factum
941 3935 1061 3981 sanctoa
1078 3925 1158 3981 Patre
1177 3925 1299 3995 Filioque
1324 3927 1490 3999 procedere,
1508 3928 1578 3984 istud
1604 3928 1735 3985 catholiea

37 3994 223 4080 lepimus,
236 4027 287 4069 aee
300 4013 432 4084 penitunt,
444 4027 496 4070 uec
509 4023 641 4081 creatum,
664 4013 734 4069 ileos
748 4021 800 4081 est,
818 4012 888 4069 Deus
940 4013 1019 4081 fides,
1034 4014 1140 4070 etiamsi
1155 4015 1330 4072 renuentibus
1349 4033 1402 4072 non
1420 4018 1608 4089 persuaserit,
1631 4018 1657 4075 in
1678 4032 1734 4074 tntu

39 4103 146 4164 <lut
163 4114 291 4175 operator
312 4107 403 4162 omnia
427 4106 455 4162 in
479 4105 615 4163 omnibus.
630 4107 665 4162 lit
682 4106 778 4162 eodem
807 4105 886 4162 loco:
940 4115 1029 4163 tamen
1045 4107 1194 4179 disciplinae
1211 4109 1301 4178 repula
1317 4123 1373 4166 nott
1385 4108 1503 4168 excedit.

46 4184 191 4252 ostris
202 4207 290 4252 ntem
299 4197 354 4254 ios
364 4208 485 4268 opermsr
495 4213 562 4253 anus
576 4207 651 4269 otqss
669 4199 737 4253 idem
752 4197 886 4270 Spiritus,

46 4279 210 4342 ‘liddon
222 4288 332 4359 siapttiia
347 4297 425 4357 prosi
438 4289 492 4343 rsit
506 4285 532 4359 (i
543 4288 603 4344 Cor.
617 4303 665 4352 ιιι,
678 4287 733 4360 ιι).
749 4288 782 4344 Et
792 4287 889 4344 Petrus

54 4362 135 4429 iu
146 4375 251 4434 ιοιιιιιι
263 4380 470 4449 apostolorum:
490 4380 560 4446 Quid
574 4380 700 4446 conuenit,
712 4380 811 4450 inquit,
822 4380 889 4435 inter
975 4374 1102 4445 Spiritum
1117 4381 1241 4431 sanctum
1256 4389 1332 4446 aeqoe
1351 4374 1436 4430 Patris
1451 4383 1478 4431 et
1500 4374 1560 4431 filii
1575 4387 1636 4431 esse
1648 4374 1734 4430 cool-

55 4474 147 4525 ιη
158 4473 254 4526 mppr
270 4471 482 4541 spasmum
494 4473 564 4544 (acu,
575 4487 604 4539 v,
615 4470 667 4543 ppt
684 4471 718 4527 Et
732 4480 810 4540 pust:
826 4470 888 4526 Non
941 4472 1011 4530 teor,
1027 4480 1143 4535 eumque
1157 4479 1173 4519 a
1187 4465 1265 4521 Patre
1280 4465 1324 4521 vel
1338 4465 1407 4521 Filio
1418 4464 1542 4520 similiter
1555 4465 1624 4520 mitti
1640 4482 1646 4517 :
1662 4464 1733 4536 quoti

57 4564 255 4619 eameatitss
270 4563 426 4631 bominibus,
446 4565 491 4618 sed
507 4563 561 4619 fleo
584 4562 679 4633 (illd,
702 4563 742 4634 ι).
758 4562 889 4619 ltemalio
940 4573 1045 4613 mecum
1073 4558 1173 4627 prolata
1193 4572 1299 4628 quoque
1325 4556 1448 4625 Aptius-toli
1473 4558 1605 4612 sententia
1629 4556 1735 4611 videtur

59 4637 506 4726 locmficscitisqsiotemplnm
522 4652 651 4720 fleicstir,
672 4665 696 4709 tt
709 4654 826 4724 Spiritus
840 4655 890 4710 liei
940 4651 1112 4719 approbasse.
1137 4649 1204 4705 liam
1226 4650 1357 4720 legimus:
1376 4649 1540 4714 Puruclitnr,
1557 4666 1633 4720 quem
1653 4651 1735 4705 uvittet

63 4731 192 4799 'tutin
203 4747 232 4801 its
244 4745 314 4802 tutis
328 4743 424 4817 (icor.
437 4761 478 4812 ιιι,
492 4745 537 4817 to)
546 4747 557 4800 i
567 4747 602 4802 tit
615 4747 698 4802 alibi:
715 4747 745 4803 Si
758 4749 815 4818 quis
826 4747 888 4817 Spi·
942 4740 1063 4796 Peterin
1078 4742 1179 4796 nontine
1203 4758 1257 4796 nteo
1270 4740 1366 4814 (donn.
1392 4757 1446 4808 riv,
1462 4741 1520 4813 id).
1537 4741 1570 4797 Et
1582 4741 1635 4798 alio
1651 4741 1710 4796 loco
1726 4758 1733 4796 :

60 4831 173 4890 *itum
186 4838 234 4893 mi
245 4855 298 4893 non
309 4837 396 4905 ftobsf,
415 4839 458 4894 ftis
471 4856 522 4894 nort
537 4849 574 4895 vat
588 4841 644 4908 ep'ut
660 4839 749 4912 (lietu.
775 4855 832 4906 tut,
845 4837 885 4911 9).
942 4832 1023 4898 Quem
1038 4850 1084 4903 eqo
1098 4835 1197 4888 ntittom
1217 4836 1286 4889 coiis
1301 4851 1317 4887 tt
1338 4834 1417 4888 Putre
1429 4833 1520 4905 (loon.
1535 4851 1579 4900 ru,
1602 4834 1659 4903 26).
1682 4833 1735 4889 Noc

64 4909 228 4987 Nusrero
240 4929 371 5002 Spiritum
381 4941 502 4987 sanetum
520 4932 662 4988 dicimnsa
679 4931 747 4987 Filio
761 4939 789 4988 et
808 4932 888 4989 Patre
901 4928 928 4990 D
941 4936 1029 4983 tamen
1042 4935 1070 4981 ut
1091 4942 1176 4996 nuper
1202 4928 1290 4982 lrabita
1310 4927 1364 4982 coll
1383 4928 1520 4982 curiones
1541 4927 1734 4992 tractavimus,

68 5014 251 5079 temonem.
942 5023 1072 5079 scinditur
1086 5038 1137 5077 nna
1154 5037 1327 5091 personarum
1342 5023 1504 5077 discretione
1515 5021 1657 5076 Diviuitas.
1668 5019 1734 5086 eria

273 5108 336 5148 ¹⁰⁸¹
355 5107 451 5149 ΝΜ
469 5109 495 5149 ¹¹¹
510 5109 597 5151 ²⁰⁰³!
617 5110 705 5151 Hm·
939 5115 962 5170 si
976 5114 1103 5185 Spiritus,
1118 5124 1147 5166 ut
1161 5114 1346 5182 acquiescitis,
1363 5129 1377 5165 a
1392 5112 1471 5167 Patre
1483 5111 1606 5183 Filioque
1622 5109 1734 5164 refersit«

137 5199 271 5271 ipsecerte
284 5217 371 5274 perse
387 5205 526 5275 Dominus,
543 5205 682 5276 Spirituut,
697 5204 793 5277 iuquit,
819 5206 886 5261 veri·
940 5208 1005 5264 titur
1030 5209 1073 5263 vei
1097 5208 1227 5279 procedit,
1253 5223 1307 5264 non
1334 5215 1423 5279 potest
1449 5207 1548 5262 missus
1572 5207 1734 5273 mittensque

87 5287 206 5366 ‘erisque
220 5311 237 5349 u
253 5293 334 5351 Putre
356 5297 471 5368 moeedit
491 5296 579 5368 (foen.
601 5314 646 5365 ιι,
661 5296 719 5370 id).
739 5298 882 5354 Enimvero
940 5299 1057 5368 misceri,
1072 5306 1100 5356 et
1114 5315 1146 5356 es
1161 5314 1215 5371 quo
1235 5300 1356 5370 procedit
1369 5298 1572 5370 procedensque
1592 5296 1732 5354 confundi.

1243 4255 1308 4295 ΙΤΕΙ
1328 4253 1433 4296 tvttds.

134 5572 199 5630 ·ttr
207 5572 312 5634 clarita·
323 5575 606 5646 stepeaumltatuzius
616 5577 642 5631 in
656 5577 803 5634 bliscellan.
812 5578 858 5635 lib.
874 5595 883 5635 ι
973 5581 987 5621 b
1005 5581 1069 5637 Vide
1082 5595 1161 5649 supra
1177 5580 1274 5636 Aletini
1285 5593 1396 5651 opernm
1406 5579 1557 5654 frapmenta
1569 5593 1643 5635 num.
1657 5578 1702 5634 fb.
1789 5574 1791 5578 ⁴

110 5632 152 5720 let
165 5641 312 5716 frapmenta
325 5646 409 5701 edidit
423 5661 457 5702 os
473 5649 556 5705 veteri
572 5647 664 5705 codice
679 5664 731 5705 ms.
748 5658 883 5706 mottaste·
974 5653 1040 5722 ἦΕιι
1052 5651 1159 5708 collatio
1169 5660 1211 5708 est
1226 5666 1285 5722 quse
1297 5649 1426 5722 sequitur.

10 5752 31 5792 5
110 5720 130 5769 tu
141 5716 228 5772 Satucti
244 5715 313 5772 Galil
331 5718 357 5772 in
373 5716 505 5775 lielvetia.
