3816 6120
856 265 885 322 S.
908 263 1000 322 attii
1020 261 1220 321 visbbsbsts
1801 255 1855 311 221

501 380 666 438 aristosa
689 380 720 436 ιι.
1024 384 1047 442 ,t
1063 392 1116 448 qne
1129 377 1156 431 in
1169 387 1281 447 paterno
1295 372 1422 444 regioque
1435 370 1495 428 sinu
1509 367 1662 440 receptam?
1676 368 1732 425 llec
1742 371 1856 425 mutavit

214 491 309 533 siirns
323 489 477 532 biennensis
492 483 654 530 criscorus·
667 487 753 529 nosno
768 485 922 529 consonano
935 485 1008 527 nsoi.
1059 467 1163 537 sedem,
1180 481 1230 523 nec
1244 466 1356 536 contigit
1380 462 1622 535 peregrinationem
1640 480 1647 516 :
1664 462 1709 519 ubi
1732 476 1788 518 non
1808 462 1853 519 diu

250 571 278 628 Si
293 572 405 641 praciam
423 570 517 638 prisca
531 568 637 636 pietatis
650 576 789 635 supertes,
804 566 855 620 rite
866 564 1008 620 artilicium
1058 573 1121 615 esse
1135 559 1222 629 potuit
1240 557 1360 622 domina,
1384 569 1435 610 nec
1450 554 1568 611 breuiter
1580 553 1684 609 exstitit
1700 552 1854 624 peregrina.

216 673 316 720 sanctie
328 662 490 731 dignationis
503 663 676 728 interpretur,
700 659 733 713 ιιι
747 656 939 713 consolandum
954 671 1007 722 me,
1061 648 1136 704 llnile
1151 663 1212 703 cum
1229 647 1348 703 letitiam
1364 655 1493 710 cestram,
1506 643 1582 715 (illisi
1593 644 1768 699 fflreniisslem
1780 645 1853 714 cmii,

216 754 340 809 dominns
361 764 386 808 et
401 765 547 807 conservos
562 765 638 806 meos
659 748 813 804 sacerdotes
828 747 902 802 iobis
913 744 1010 816 juben·
1058 748 1196 810 exspectet
1208 739 1379 803 universitas,
1390 737 1494 792 reddite
1504 750 1552 792 ios
1563 736 1855 806 gandiispopntornnir

216 847 288 899 tibus
301 851 366 913 puto
380 844 495 899 venisse.
518 841 596 908 Quod
610 855 673 896 ecce
688 840 737 895 sub
751 838 842 894 divino
857 837 1009 893 testimonio
1059 828 1120 899 quia
1136 844 1272 899 nunquam
1283 826 1435 897 respublica
1445 824 1624 896 orpbanitatis
1636 826 1753 881 incurrit
1764 828 1855 896 perni-

218 933 324 1003 loquar,
337 947 385 1003 pro
396 931 478 988 debiti
490 930 793 987 lamulatusreccrentia
804 926 1009 998 pr.ccelsis=.imo
1058 920 1140 985 ciem.
1155 919 1274 989 diffindit!
1295 917 1510 974 ⁸⁰⁸¹0bl²¹¹¹ibu⁸
1532 916 1608 974 i⁰bia
1633 926 1721 974 maier
1735 917 1854 975 Ecclesia

220 1025 320 1081 domno
331 1022 485 1094 dependere
500 1038 553 1078 non
568 1021 736 1092 praesumpsi.
752 1018 848 1074 lirtuii
872 1018 944 1073 enirn
959 1031 1008 1073 te·
1059 1026 1113 1066 non
1128 1011 1245 1068 senserit
1257 1011 1411 1066 orbitatem.

218 1127 282 1172 strae
291 1117 415 1186 derogat,
429 1116 452 1170 si
470 1115 530 1185 quis
543 1129 624 1183 super
638 1126 703 1168 casu
717 1111 761 1180 qui
774 1109 894 1178 contigit,
910 1122 1007 1163 conso-
1341 1098 1507 1156 srtstota
1528 1098 1573 1155 Vl.

219 1208 326 1264 lationis
338 1208 438 1279 aliquid
454 1207 554 1276 scripto
569 1205 705 1275 ierboqne
727 1202 900 1274 stigqesserit.
917 1200 1009 1271 licque
1094 1208 1190 1250 aitrus
1202 1206 1356 1249 viansensis
1368 1201 1531 1249 sciscorns·
1548 1207 1672 1249 iiiorotuo
1684 1207 1820 1252 crisenon.

219 1314 299 1370 porro
316 1299 395 1355 cedet
417 1299 444 1353 in
468 1297 569 1368 regiani
591 1296 712 1368 quidem,
733 1293 780 1349 sed
796 1291 1008 1364 pbilosopbicani
1128 1284 1141 1323 ⁶
1162 1284 1200 1340 De
1216 1285 1394 1341 bercticcrnin
1408 1284 1530 1340 oratoriis
1550 1285 1780 1357 conrecipiendis.

218 1400 336 1445 mentem
361 1388 485 1444 moeroris
507 1384 635 1455 abjectio,
659 1383 817 1451 Lacessiiit,
845 1398 938 1440 rerum
955 1392 1008 1450 esi,
1094 1375 1198 1443 Petisti,
1217 1377 1271 1432 imo
1289 1377 1378 1447 potius
1398 1375 1562 1446 precepisti,
1579 1376 1662 1433 irater
1676 1378 1810 1448 piissime,
1823 1387 1853 1438 oi

216 1490 377 1537 cunctorum
399 1480 530 1549 lacrimas
544 1491 621 1533 amor
635 1485 734 1532 uester.
762 1475 815 1533 Sed
835 1476 858 1533 si
880 1474 1009 1531 amb'enti
1059 1468 1131 1525 datis
1152 1469 1186 1524 ad
1200 1469 1393 1525 ineptitudinem
1407 1478 1479 1525 tusin
1493 1469 1590 1525 litteris
1603 1469 1751 1527 indicarem
1767 1480 1855 1531 utrin

217 1572 318 1629 seculo
330 1571 401 1626 salus
415 1580 504 1625 restra
519 1568 685 1636 conceditur,
704 1582 796 1637 parum
810 1565 934 1637 estquod
949 1580 1011 1636 per·
1060 1558 1248 1616 hereticorum
1264 1560 1382 1616 oratoria
1397 1561 1455 1616 sine
1475 1558 1595 1616 basilicas
1617 1561 1651 1616 ad
1666 1575 1730 1617 usus
1746 1570 1854 1632 possent

214 271 268 329 223

217 1664 285 1721 didit
300 1678 381 1718 unum
395 1663 491 1733 pignus
503 1662 623 1716 omniurn
640 1668 727 1730 poter.
741 1660 908 1728 Tempirralis
922 1660 1008 1715 luctus
1059 1658 1159 1706 ¹¹⁰⁸er
1175 1648 1314 1720 ielissiimii
1333 1649 1439 1719 spitii,
1460 1663 1521 1706 cuin
1543 1649 1697 1708 conditores
1713 1666 1809 1708 esrom
1823 1652 1856 1713 til

216 1765 269 1822 est,
283 1744 327 1811 ubi
338 1762 392 1809 um
405 1754 534 1810 innocens
546 1753 606 1824 quis
613 1753 690 1821 obiit,
702 1752 782 1822 cuius
792 1760 905 1807 moriem
920 1751 1010 1808 nullus
1025 1741 1218 1803 Bffliiwliwn
1244 1755 1274 1797 ιθ
1296 1740 1381 1810 libem
1403 1742 1504 1798 eiwffl
1525 1743 1693 1800 ²01?wa
1710 1744 1856 1802 transtule-

217 1847 331 1919 putaiit.
353 1845 459 1901 iudicet
480 1845 664 1913 unusquisque
676 1841 746 1908 qood
767 1841 869 1897 sentit:
884 1840 949 1896 nibil
959 1855 1010 1895 uu·
1060 1843 1133 1891 runt.
1153 1835 1236 1905 biqna
1258 1835 1377 1906 proiecto
1399 1850 1444 1891 res
1458 1834 1553 1904 dequa
1568 1844 1597 1890 tu
1611 1836 1748 1904 consulis,
1760 1837 1785 1893 si
1800 1852 1856 1894 res·

216 1954 297 2010 quain
307 1937 404 1992 vestris
418 1934 583 2006 temporibus
594 1936 753 2001 contingere
763 1941 862 2001 potest,
873 1930 944 2002 quod
955 1946 1009 1986 non
1060 1926 1196 1998 pondendi
1216 1927 1342 1983 idoneam
1368 1928 1529 1996 reperisses.
1546 1928 1613 1995 Quia
1634 1928 1739 1997 jussisti
1753 1938 1856 1996 tamen,

219 2042 327 2098 semper
340 2026 455 2082 arbitrer
477 2025 620 2095 proluisse.
644 2023 721 2080 Unde
744 2021 811 2078 nibil
834 2021 878 2078 bic
900 2020 1010 2077 casuale
1061 2018 1189 2075 reserabo
1201 2017 1229 2074 in
1244 2018 1358 2075 subditis
1371 2019 1436 2088 quid
1450 2032 1619 2086 consequens
1632 2029 1723 2089 putent
1737 2039 1744 2076 :
1756 2036 1789 2078 es
1802 2021 1856 2078 soi·

217 2132 361 2190 prosumo,
377 2115 443 2171 nibil
457 2131 595 2187 asperum.
611 2115 751 2171 ordinarit
773 2112 844 2168 bunc
858 2114 946 2183 potius
964 2126 1011 2167 oc·
1061 2108 1123 2165 licei
1141 2108 1308 2175 delinitione,
1330 2119 1359 2165 nt
1372 2111 1459 2165 locum
1475 2109 1650 2165 succensendi
1666 2110 1728 2167 aliis
1744 2125 1798 2168 non
1814 2125 1856 2169 re·

218 2210 289 2265 culta
301 2209 477 2280 dispensatio,
492 2222 572 2279 quam
589 2207 695 2270 indixit,
712 2219 849 2273 angorem.
865 2202 1010 2259 il'lebatis
1061 2214 1180 2268 serrem,
1204 2200 1323 2259 simodo
1342 2200 1368 2255 id
1384 2199 1455 2268 quod
1477 2201 1648 2257 statuendum
1670 2201 1854 2272 crediderant,

218 2299 353 2369 qnondam
370 2303 468 2370 pietate
490 2297 587 2354 inctlrb
598 2296 616 2351 li
632 2296 725 2352 lunera
743 2308 943 2365 germanorum,
967 2308 1011 2351 se-
1063 2293 1104 2347 iel
1126 2293 1231 2348 ratione
1244 2292 1387 2364 perspicua
1399 2292 1443 2348 rel
1461 2292 1563 2363 prolata
1578 2293 1613 2351 de
1633 2295 1857 2353 canonicissols·

218 2391 349 2458 qucbatur
369 2390 463 2445 lictum
478 2389 612 2457 pubiicum
637 2385 824 2443 universitatis
838 2383 960 2451 afflictio,
983 2393 1012 2441 et
1061 2382 1179 2439 minibus
1188 2385 1348 2441 auctoritate
1359 2385 1531 2441 confirment.
1547 2385 1619 2443 istud
1630 2387 1703 2458 quod
1715 2388 1750 2446 de
1762 2397 1857 2446 oralo-

218 2482 326 2538 ocoulto
339 2480 491 2536 birinitatis
503 2480 612 2546 intubi,
628 2481 806 2535 instrumenta
818 2476 952 2534 iniustitiae
965 2492 1012 2548 pa·
1062 2476 1110 2532 riis
1124 2478 1166 2532 nei
1182 2478 1328 2534 basiliculis
1341 2479 1452 2550 privatis
1460 2480 1642 2551 interrogasti,
1654 2481 1768 2552 perinde
1783 2483 1856 2541 nido

217 2574 344 2629 rebantur
354 2571 388 2626 ad
403 2571 540 2642 gaudium.
554 2570 689 2626 liinnebat
700 2569 775 2641 regini
787 2568 902 2625 ielicitss
913 2583 1010 2626 nume·
1061 2570 1186 2628 eeclesiis
1201 2586 1306 2641 eorum,
1322 2572 1432 2629 diibcilc
1446 2573 1582 2630 delinitur.
1598 2574 1655 2632 lino
1665 2590 1784 2647 namque
1796 2590 1856 2632 sus·

218 2679 279 2719 runo
292 2664 421 2735 resalium
436 2677 623 2733 personarum,
647 2670 676 2716 ct
688 2662 739 2715 boc
755 2660 842 2715 solum
853 2659 1011 2716 serrabatur
1062 2662 1178 2719 dandum
1188 2674 1230 2720 est
1242 2662 1381 2721 catholicis
1395 2667 1520 2736 regibus,
1534 2666 1606 2737 quod
1623 2667 1800 2739 desubjectis
1810 2684 1856 2726 eo·

221 2754 333 2821 inundo,
346 2754 418 2826 quod
433 2753 583 2809 subiciebat
596 2752 718 2822 imperio.
729 2750 787 2806 illic
800 2752 948 2820 repositum
958 2758 1010 2814 esi.
1062 2770 1121 2811 rum
1134 2754 1215 2812 luerit
1229 2758 1414 2815 constitutum.
1429 2758 1506 2815 Unde
1518 2760 1649 2829 primuni,
1670 2775 1784 2831 meso,
1803 2762 1855 2819 sis

218 2846 346 2918 quidquid
358 2860 515 2917 prosperum
531 2844 580 2900 luit
592 2844 731 2900 cntbolicae
742 2843 858 2900 peribu.
869 2843 1012 2899 Einescie·
1063 2849 1185 2920 principe
1198 2851 1316 2921 req'onis
1331 2861 1432 2907 nostra
1449 2853 1526 2922 ciijus
1549 2853 1627 2910 nobis
1645 2853 1718 2911 bens
1733 2856 1855 2925 prestitit

218 2938 313 2993 bamus
325 2938 390 2994 illud
406 2946 468 2992 tunc
482 2936 566 3007 iranpi
585 2935 781 3003 tantummodo,
799 2935 868 3006 qnod
883 2934 1010 3003 deinceps
1062 2942 1090 2998 in
1102 2957 1166 2998 nera
1189 2943 1320 3013 religione
1345 2957 1527 3011 consensum,
1549 2945 1630 3001 sortis
1648 2959 1707 3001 snae
1719 2946 1855 3003 antistites

218 3037 335 3092 nesciret
361 3035 472 3094 inflecti.
501 3034 553 3090 but
568 3033 629 3103 quid
646 3033 680 3089 de
701 3030 819 3088 iraterns
842 3040 915 3088 sorte
935 3032 1011 3088 dica-
1062 3032 1250 3102 consulannir,
1267 3043 1356 3092 utrum
1369 3035 1534 3106 respondere
1548 3037 1695 3107 possimne,
1711 3038 1855 3095 fabricasti

218 3126 297 3181 musi
308 3127 368 3197 lpse
382 3141 463 3196 qoem
477 3125 588 3180 iccinrt
612 3139 723 3194 parrum
739 3133 828 3179 restra
843 3133 938 3178 natura
956 3123 1010 3178 cir·
1026 3114 1049 3179 C
1064 3134 1141 3194 patre
1153 3139 1203 3180 suo
1219 3123 1353 3183 bereticis
1363 3127 1498 3184 institutas
1511 3129 1649 3186 catbolicis
1662 3129 1763 3187 debere
1773 3131 1855 3201 parii·

217 3217 363 3285 cumdedit,
376 3217 455 3273 bonis
469 3217 566 3272 uestris
580 3215 681 3287 absque
700 3216 773 3271 omni
793 3214 894 3270 malitia
908 3214 1010 3270 militi-

217 3310 266 3374 nit,
280 3324 341 3364 cum
356 3310 470 3365 serviret
493 3308 569 3364 iobis
582 3308 763 3363 nescientibus
786 3309 932 3376 periculum
947 3322 1010 3376 pen·

220 3404 333 3464 iis,cum
348 3399 461 3454 loturam
478 3413 570 3468 pacem
582 3397 739 3467 disponeret
753 3399 868 3454 turbatio
881 3399 1008 3468 regionis.

220 3491 338 3558 Experto
353 3490 465 3555 credite,
492 3490 619 3559 quidqud
635 3489 678 3545 bic
701 3490 801 3556 nocuit,
823 3489 867 3544 bic
881 3491 1009 3559 prolecit;

218 3578 345 3650 quidquid
360 3588 422 3635 tunc
435 3577 568 3646 donimus,
582 3594 653 3635 nunc
665 3594 799 3635 amamus.
822 3579 880 3636 Non
896 3581 1009 3638 talenti·

219 3671 269 3727 bns
283 3672 333 3726 ista
357 3670 482 3741 prescire
498 3680 585 3741 potest
598 3671 720 3743 rqnidem
736 3670 832 3726 durum
848 3671 943 3735 sideri,
968 3674 1010 3730 iii·

1060 3216 1111 3273 bus
1122 3217 1375 3287 applicari.Quodsi
1388 3230 1434 3276 aut
1446 3235 1496 3276 nos
1509 3220 1664 3287 suademus,
1678 3233 1727 3278 aut
1737 3237 1854 3280 conscit·

1061 3309 1119 3376 tiai,
1145 3313 1360 3380 persecutionem
1383 3311 1410 3367 in
1431 3327 1462 3369 se
1480 3323 1642 3369 commotam
1664 3314 1787 3372 berebet
1802 3332 1855 3372 non

1060 3401 1194 3458 immerito
1206 3402 1405 3472 causabantur,
1416 3420 1477 3460 cum
1492 3405 1653 3461 catholicam
1668 3408 1855 3464 mansuetndi-

1061 3507 1121 3548 nem
1133 3492 1282 3549 calumnias
1293 3493 1481 3550 hereticorum
1493 3503 1572 3567 atque
1582 3497 1723 3566 gentilium
1737 3498 1798 3568 plus
1808 3500 1856 3557 da·

1059 3592 1119 3638 cent
1138 3583 1273 3639 sustinere
1287 3598 1367 3655 quain
1388 3583 1488 3643 iacere.
1500 3586 1569 3654 Quid
1589 3588 1661 3642 enim
1677 3597 1731 3643 tam
1746 3588 1855 3657 dorum,

1060 3691 1142 3746 qiiam
1156 3678 1179 3732 si
1195 3677 1232 3733 illi
1243 3677 1288 3749 qui
1300 3689 1391 3748 aperta
1403 3679 1582 3749 perversitate
1596 3691 1722 3750 pereuni,
1735 3681 1771 3738 de
1788 3697 1855 3739 eon·

219 3763 304 3816 cinam
318 3761 443 3816 thalamis
461 3762 590 3832 virginem
614 3762 693 3817 taedio
720 3763 889 3819 incumbente
911 3779 1010 3833 priore·
1061 3766 1178 3824 lessione
1198 3769 1250 3825 sibi
1263 3779 1308 3825 aut
1320 3770 1449 3840 martyrio
1464 3770 1653 3827 blandianturi
1668 3771 1702 3827 ιιι
1714 3774 1777 3842 quia
1797 3782 1854 3844 post

219 3866 292 3925 piam
304 3871 311 3910 :
323 3869 383 3925 qum
396 3861 487 3909 tamon
497 3854 595 3909 ambita
608 3863 649 3908 est
661 3863 692 3909 ut
704 3854 807 3921 regina,
829 3854 953 3910 deiunctn
968 3866 1011 3913 est
1060 3875 1120 3927 nos,
1135 3862 1273 3933 nostrique
1286 3864 1358 3934 repis
1369 3908 1377 3934 ,
1389 3864 1459 3920 Deus
1475 3865 1585 3935 tribuat,
1600 3864 1786 3923 tcttctssinun
1799 3868 1855 3922 lou-

219 3946 438 4004 incosttsminam.
462 3945 621 4015 Quanquam
637 3959 730 4001 resera
756 3945 885 4015 majorem
900 3962 1008 4004 causam
1060 3955 1221 4024 paecitmem,
1236 3956 1367 4026 siquidem
1377 3956 1443 4012 nibil
1455 3955 1489 4012 de
1505 3972 1630 4027 processu
1639 3967 1791 4028 temporum
1805 3958 1855 4014 ini·

218 4040 304 4095 luetus
322 4038 362 4093 sui
377 4036 518 4108 reliquisse
533 4036 661 4104 dixerim,
690 4037 712 4091 si
728 4036 798 4092 diem
810 4037 933 4094 ulvarum
949 4051 1010 4108 post
1061 4047 1182 4102 mutabili
1194 4048 1268 4103 credi
1283 4047 1383 4114 debet,
1397 4049 1495 4117 poterit
1511 4047 1620 4103 iorsitan
1636 4047 1780 4105 hereticus
1798 4048 1854 4120 qui·

218 4132 336 4188 recentia
349 4141 410 4187 iota
424 4131 574 4186 clausissei.
587 4128 623 4184 lbi
637 4130 709 4184 enini
722 4129 790 4185 inite
806 4132 922 4200 potuerit
935 4132 1010 4189 inic-
1060 4152 1165 4208 cunque
1188 4153 1309 4209 regnare,
1329 4147 1355 4193 ct
1369 4137 1498 4209 quidquid
1517 4136 1713 4209 persecutionis
1727 4138 1854 4195 Ecclesiis

219 4221 282 4286 iniri,
297 4221 342 4276 ubi
356 4221 420 4276 milii
437 4228 497 4290 post
512 4219 618 4274 inuidiae
632 4219 741 4285 nodum,
753 4220 933 4278 insultationis
943 4223 1010 4278 den·
1061 4230 1236 4301 personisque
1254 4232 1441 4300 commoverit,
1457 4246 1508 4286 non
1523 4239 1604 4287 secta
1614 4246 1670 4287 sure
1685 4232 1786 4298 studio,
1808 4233 1854 4290 sed

218 4321 272 4367 tent
287 4312 390 4400 ixisset
404 4312 516 4367 :cniulns
531 4312 609 4366 livor.
634 4314 670 4365 tlt
684 4325 748 4366 iero
764 4327 844 4378 nunc,
861 4329 1010 4383 quomens
1060 4337 1094 4376 es
1107 4321 1301 4378 vicissitudinis
1313 4323 1488 4378 retributione
1502 4322 1598 4378 iecisse
1612 4323 1727 4392 dicetur,
1739 4333 1768 4379 et
1779 4325 1854 4379 nobis

218 4411 272 4456 tam
287 4403 398 4457 barbara
412 4416 463 4456 non
477 4402 636 4456 misercatur
647 4400 826 4471 virginitatem
842 4403 1010 4461 ielicicitem-
1063 4414 1142 4468 etiam
1159 4423 1218 4484 post
1232 4423 1346 4470 mortem
1360 4413 1503 4484 gravandis
1513 4412 1547 4467 ad
1562 4423 1701 4483 peccatum
1716 4415 1854 4484 reputabi·

254 4568 267 4623 ‚¹
283 4559 466 4614 Consolatnria
487 4557 513 4611 in
529 4557 601 4612 obtin
616 4554 689 4623 iilia,
712 4571 773 4625 qua
791 4558 846 4627 regi
862 4557 1006 4629 desponsi,
1020 4564 1047 4626 i)
1063 4568 1211 4637 victurius,
1230 4571 1256 4626 in
1270 4571 1365 4627 codice
1375 4572 1643 4644 autcmbupdunenst
1661 4573 1798 4632 lictorius
1809 4589 1855 4648 ap-

218 4638 247 4685 οι
260 4631 350 4697 regina
365 4643 426 4683 mos
442 4630 539 4691 lutura,
566 4627 684 4694 paternis
699 4626 725 4679 in
740 4627 842 4682 auibus
854 4629 1008 4687 decesserat
1063 4642 1188 4709 pellatur,
1205 4651 1234 4697 nt
1248 4644 1299 4697 tine
1312 4643 1381 4697 ioco,

220 4708 282 4753 ante
292 4700 409 4779 nuptias.
423 4697 499 4764 Quod
512 4712 576 4752 tero
592 4695 630 4751 illi
643 4695 685 4750 ici
698 4711 798 4765 sponso
808 4714 904 4755 numen
917 4702 1008 4768 luerit,
1096 4706 1110 4746 t
1123 4712 1172 4774 0115
1199 4711 1268 4766 hane
1288 4712 1428 4780 spinctum
1447 4713 1590 4768 contulerit
1607 4728 1667 4768 cum
1691 4728 1796 4770 canem
1808 4716 1854 4782 53,

221 4769 411 4844 tinnerpbcat.
454 4835 461 4849 υ
541 4837 547 4848 Ι
837 4839 843 4850 Ι
1063 4780 1168 4834 concilii
1185 4782 1369 4851 Epaonensis,
1386 4781 1425 4835 Dr
1439 4782 1550 4837 basilicis
1566 4785 1854 4851 boei·eticnrnin,iaciic

254 4836 269 4875 b
285 4836 388 4892 Funera
402 4838 508 4920 licuisse
525 4845 570 4918 ait,
593 4849 706 4905 quorum
722 4844 816 4891 anctnr
838 4852 895 4905 ipse
910 4839 1007 4922 iuerat·
1061 4848 1276 4917 animadvertet.
1299 4866 1430 4907 canonem
1444 4869 1496 4906 uon
1512 4854 1598 4908 solum
1622 4869 1655 4909 es
1669 4856 1852 4922 montebelli,

221 4909 259 4962 Es
275 4906 359 4962 tribus
373 4921 445 4989 enim
460 4907 595 4990 iratribus,
611 4903 868 4988 ditosb'uridobailus
880 4912 1010 4981 principio
1060 4924 1105 4989 qni
1123 4933 1235 4989 praerat
1257 4923 1388 4988 concilio,
1400 4922 1448 4977 sed
1469 4923 1552 4991 ipsius
1566 4939 1672 4994 quoque
1686 4927 1777 4980 serbis
1788 4941 1855 4981 epp.

221 4977 295 5048 repni
309 4979 425 5043 sustulit,
441 4976 621 5059 Cbilpericunt
635 4975 757 5060 clotildis
770 4988 876 5060 ¹riiistrac
893 4994 1006 5046 patrem,
1062 5001 1169 5061 ennium
1184 4999 1264 5061 ,iique
1277 5007 1444 5062 oppressum,
1458 4992 1502 5049 sic
1512 4993 1584 5047 einim
1598 5009 1628 5049 se
1641 4993 1741 5050 nabet:
1757 4995 1855 5050 Baeti.

220 5061 245 5130 ei
262 5047 462 5103 Godomariim:
481 5062 542 5102 cum
558 5055 637 5101 tertio
653 5044 806 5132 Godegisilo
821 5063 930 5114 reguum
947 5067 1007 5120 par·
1059 5077 1103 5115 cns
1118 5061 1294 5116 bicrctieocuin
1307 5077 1372 5134 quos
1388 5071 1459 5116 tanto
1471 5065 1644 5118 exsecratione
1658 5065 1779 5120 liciteniits
1796 5083 1855 5122 eso·

220 5128 294 5182 titiis,
309 5117 560 5201 compliirestnnnns
574 5131 679 5200 comeo
694 5127 833 5201 regnauit.¹
847 5119 966 5176 'landem
980 5132 1008 5178 et
1058 5148 1120 5198 cns,
1136 5143 1162 5185 nt
1177 5135 1343 5203 palliationem
1357 5149 1445 5187 ccrnni
1471 5131 1631 5205 purpnbileni
1646 5149 1697 5189 non
1718 5145 1852 5206 patemus,

222 5192 293 5268 tinne
307 5203 411 5270 quoque.
431 5203 528 5257 inpuris
551 5186 690 5242 lacessitus
714 5190 858 5270 interiecit,
881 5194 1007 5274 solusque
1058 5203 1154 5257 sanciti
1176 5203 1264 5257 nribus
1287 5203 1419 5274 applicare
1440 5204 1605 5270 despicimus.
1628 5204 1737 5260 biierss
1764 5212 1855 5275 paucis

221 5258 347 5328 deinceps
371 5269 473 5327 integro
495 5272 579 5340 regno
604 5272 651 5326 per
663 5257 779 5312 sedecim
798 5275 885 5316 annos
909 5271 1007 5328 potitus
1058 5283 1122 5328 ante
1136 5276 1214 5328 annis
1234 5274 1320 5329 iuerat
1344 5274 1599 5329 seiitentiacnncilii
1625 5274 1704 5355 primi
1728 5276 1855 5333 durelin-

222 5338 274 5416 ost,
288 5341 373 5398 usqne
384 5331 416 5382 ιι]
433 5328 503 5383 l‘etrt
517 5328 697 5412 00¹¹S¹¹¹li¹¹mi
719 5330 769 5412 Sil}
785 5345 838 5399 (1¹¹⁰
853 5333 1005 5388 *leitibciibn
1060 5346 1168 5411 nensis,
1184 5346 1226 5399 cui
1244 5344 1370 5399 basilicas
1391 5342 1538 5399 Gutboritin
1555 5345 1652 5411 recipi,
1667 5354 1695 5398 et
1708 5346 1790 5402 simili
1801 5361 1855 5416 qiio

224 5398 416 5485 bundobadum
432 5407 504 5453 notat
516 5398 677 5454 Cbronicnm
692 5398 780 5466 Marti,
805 5399 914 5458 h⁰⁰0⁵i
936 5418 1007 5458 ²¹¹¹¹⁰
1062 5429 1160 5469 nostra
1182 5415 1303 5468 innovari
1332 5414 1421 5469 solent
1444 5415 1542 5483 placuit
1569 5415 1664 5470 ordine
1689 5418 1854 5472 consecrari.

220 5471 320 5524 bbristi
334 5468 396 5524 stit.
1059 5484 1136 5552 Quod
1160 5485 1258 5551 ubique
1283 5486 1403 5554 gentium
1432 5485 1460 5539 in
1483 5500 1560 5541 more
1587 5500 1690 5555 usuque
1709 5487 1767 5556 jam
1790 5486 1854 5544 olim

257 5549 269 5579 ⁶
290 5537 548 5622 Gratianolpolitano.
569 5540 645 5621 lirino
665 5540 737 5596 enini
758 5554 819 5624 esse
831 5543 948 5626 arbitror
962 5546 1007 5613 ‘tui
1059 5555 1153 5620 luisse,
1169 5566 1226 5611 tuin
1240 5555 1352 5624 draca,
1364 5570 1425 5613 cuui
1442 5555 1543 5612 Latinae
1557 5555 1656 5626 passim
1672 5556 1797 5615 bistoriar
1808 5556 1855 5616 tls·

220 5624 282 5662 cnm
310 5613 389 5665 brito
415 5625 473 5679 ipso
503 5611 621 5664 strictiori
653 5621 680 5667 ct
709 5615 868 5682 subscripsit
894 5616 1009 5670 concilio
1059 5626 1171 5683 ptisana,

222 5677 390 5752 Eoocncnsi,
405 5690 485 5754 atique
497 5674 526 5739 fn'
538 5680 651 5752 vulgatis
659 5680 821 5740 editionibus
833 5685 1008 5743 conciliorum
