3816 6120
67 267 126 325 stt
778 272 941 331 EPISTULA
962 271 1029 328 xhr.
1605 312 1610 319 ·
1647 275 1699 338 wi

68 375 201 448 possibile
209 378 262 432 erit
272 389 352 446 quero
362 377 517 446 suscepistis
525 391 632 434 servum
648 379 771 450 rejicere,
782 396 861 454 quem
874 386 899 442 Α
914 393 974 451 quae
990 378 1056 435 tanti
1079 379 1199 440 muneris
1222 379 1295 437 dono
1315 381 1373 438 sola
1398 390 1536 442 mereatur
1559 384 1698 457 illustrari,

68 466 235 538 cognovistis
259 465 397 521 dominum
419 481 472 523 ooo
493 481 597 524 amare.
622 470 701 537 Quod
727 478 861 541 superest,
915 469 985 540 quod
997 484 1049 526 non
1057 469 1127 527 desit
1141 479 1169 528 ct
1181 472 1284 542 reliquo
1298 472 1356 528 orbi
1369 475 1477 531 claritas
1489 490 1549 534 aua.
1562 477 1701 546 siquiden

69 559 174 628 egressi
188 556 291 624 lelices,
303 556 340 612 ite
363 559 490 629 sospites,
514 560 602 618 redite
621 563 749 620 victores.
767 563 862 620 Fidem
913 570 941 618 et
955 561 1075 618 occiduis
1098 563 1217 632 partibus
1240 565 1267 620 in
1281 580 1345 636 rege
1367 579 1421 622 noo
1438 582 1509 623 noro
1524 570 1585 623 novi
1596 569 1702 639 juberis

70 657 189 703 vescant
203 646 264 703 telis
280 647 403 713 inserite,
418 650 601 716 provisionem
613 651 729 708 divinam
748 656 862 723 promit·
915 652 1004 708 lumen
1019 653 1170 725 cllulgurat.
1186 654 1268 723 Cujus
1282 658 1454 727 splendorem
1467 675 1585 729 congrue
1597 662 1703 717 redem-

70 737 156 795 teodo
169 736 323 804 admonete,
337 737 435 793 auxilia
447 739 506 795 rteli
519 740 643 809 precibus
653 741 763 813 erigite,
775 743 864 811 jacula
914 743 999 813 pteris
1012 744 1097 799 nostri
1111 745 1235 800 nativitas
1247 746 1380 802 inchoarit
1396 765 1403 802 :
1418 757 1447 803 ιιι
1459 762 1656 820 consequenter
1668 766 1702 807 co

70 837 163 885 restra
173 828 242 883 rotis
255 833 370 884 armate.
387 827 465 883 habit
480 830 551 886 heus
565 841 594 886 ιι
607 831 741 888 beliorum
763 843 863 906 tropaea
914 832 958 889 die
979 833 1012 889 ad
1035 836 1150 890 salutem
1167 838 1319 906 regenerari
1334 853 1367 892 es
1383 838 1452 894 unda
1469 855 1518 894 vos
1532 851 1635 911 pareat,
1648 857 1702 913 quo

69 933 134 991 que
147 919 224 975 vobis
251 918 309 988 ipse
332 918 499 989 praestiterit,
524 922 707 993 cuiuscunque
730 925 863 982 sermonis
914 931 1005 977 hatum
1021 923 1199 993 redemptioni
1211 940 1268 981 suae
1287 928 1348 983 coeii
1370 928 1509 985 boninum
1530 932 1702 988 mundusac·

70 1008 211 1079 obsequio
224 1010 275 1065 sub
289 1008 469 1081 materiarius
490 1027 571 1081 quem
593 1013 693 1071 dudum
715 1029 860 1087 exsequor,
914 1017 995 1084 cepit.
1010 1014 1091 1085 igitur
1103 1017 1149 1087 qui
1166 1017 1276 1074 celeber
1296 1028 1338 1074 est
1361 1022 1458 1076 natalis
1484 1022 1599 1090 Domini,
1621 1025 1656 1080 sit
1674 1033 1701 1082 et

70 1100 202 1171 triumphi
215 1100 384 1171 pretiosioris
398 1115 569 1172 exaggerem.
912 1103 1011 1159 vestri:
1023 1118 1077 1175 quo
1094 1119 1142 1161 vos
1155 1107 1258 1163 scilicet
1272 1107 1392 1176 Christo,
1408 1126 1461 1181 quo
1483 1110 1607 1169 Christos
1627 1125 1702 1171 ortus

337 1233 503 1292 EPISTOLA
523 1236 592 1293 m
913 1196 1074 1341 ἷζὲιιιὲιιιι
1088 1195 1116 1250 ιι
1130 1211 1246 1299 quovos
1257 1199 1374 1254 animam
1384 1202 1452 1302 lieo,
1468 1205 1549 1306 vitatu
1561 1207 1702 1309 presenti·

966 1325 975 1351 ,
1015 1301 1084 1342 rnatu
1101 1296 1214 1356 posterus
1228 1299 1416 1347 consecrastis.
1438 1291 1507 1359 Quid
1525 1309 1579 1363 qam
1593 1294 1627 1352 de
1644 1310 1701 1366 tpsa

349 1444 355 1453 Ι
913 1377 1107 1446 gloriosissima
1122 1378 1337 1447 regenerationis
1351 1389 1448 1436 vestra
1468 1383 1638 1441 solemnitate
1659 1386 1702 1441 di·
1716 1392 1737 1418 ²

110 1468 120 1499 ¹
139 1467 244 1522 llcstrae
273 1463 432 1520 subtilitatis
443 1465 618 1521 acrimoniam
639 1481 863 1539 quorumcunque
912 1467 1010 1522 catur?
1023 1467 1099 1537 cujus
1108 1467 1264 1524 ministeriis
1278 1470 1329 1525 etsi
1342 1472 1518 1540 corporaliter
1528 1476 1701 1541 nuuaccessi,

71 1557 250 1613 schismstum
259 1557 861 1629 sectatoresseoteutiissuis,variisopiuione,
913 1557 1070 1628 gaudiorum
1094 1565 1185 1614 ιιιιιι
1208 1562 1397 1616 communione
1415 1577 1469 1616 uun
1485 1562 1567 1619 deiui.
1581 1565 1703 1632 Quaestio

71 1648 191 1704 dirersis
207 1645 391 1708 multitudine,
408 1646 629 1715 vacuisveritate,
649 1646 794 1705 Christiani
815 1665 863 1706 no·
911 1647 1022 1718 quidem
1038 1647 1089 1704 hoc
1103 1663 1209 1719 quoque
1219 1650 1372 1721 regionibus
1396 1653 1496 1707 nostris
1509 1654 1599 1711 divina
1614 1657 1700 1726 pietas

74 1739 156 1794 ruinis
170 1738 219 1793 visi
233 1745 298 1793 sunt
310 1737 516 1795 obumbratione
526 1739 627 1797 velare.
642 1740 676 1795 ιι
689 1741 753 1796 dum
774 1752 862 1800 status
877 1732 900 1793 h
914 1736 1100 1808 gratulationis
1114 1739 1255 1808 adiecerit,
1280 1748 1309 1794 ut
1322 1750 1385 1797 ante
1406 1740 1569 1811 baptismum
1583 1755 1702 1803 restrum

72 1840 182 1888 nostros
192 1831 337 1910 aternitati
346 1831 547 1897 committimus,
557 1832 622 1887 dum
632 1832 695 1902 quid
710 1835 865 1890 rectiunus-
914 1829 948 1884 ad
965 1843 1013 1885 nos
1031 1829 1230 1885 sublimissimae
1243 1828 1400 1886 humilitatis
1414 1833 1523 1889 northus
1538 1837 1702 1904 perveniret.

72 1924 188 1994 quisque
203 1923 301 1977 sentiat
316 1920 405 1976 luturo
417 1922 535 1978 examini
548 1937 727 1995 reservamus,
743 1928 824 1981 etiam
837 1926 863 1980 in
917 1918 993 1975 ilndc
1014 1933 1064 1974 noa
1085 1928 1145 1987 post
1170 1918 1240 1974 hanc
1262 1922 1491 1989 exspectationem
1512 1923 1569 1993 jam
1593 1939 1704 1985 securos

72 2013 256 2084 presentibus
278 2012 462 2069 interlucentia
481 2015 573 2069 radius
597 2015 718 2070 veritatis
737 2016 858 2073 emicuit.
915 2011 998 2066 vestri
1010 2024 1086 2066 sacra
1102 2024 1155 2064 nos
1169 2010 1280 2079 reperit.
1293 2009 1504 2067 Conlcrcbamus
1523 2029 1638 2086 namque
1652 2030 1702 2071 no·

75 2106 179 2162 loreoit
189 2104 288 2175 quippe
302 2104 414 2175 tempori
428 2113 521 2159 nostro
528 2104 656 2160 arbitrum
667 2105 810 2175 quemdam
823 2106 864 2161 di·
915 2102 1073 2172 hircumque
1085 2102 1277 2166 tractabamus,
1290 2102 1370 2171 quale
1380 2110 1453 2158 essct
1465 2103 1540 2170 illud,
1555 2120 1617 2160 curn
1636 2106 1704 2163 adu·

75 2199 136 2252 sios
153 2195 281 2266 provisio.
297 2194 366 2250 Dum
377 2195 454 2250 robis
465 2193 574 2265 eligitis,
588 2197 713 2251 omnibus
726 2196 863 2265 judicatis,
916 2205 1038 2251 natorum
1049 2192 1351 2264 uumeruspontillcum,
1362 2196 1545 2264 manusancti,
1558 2197 1704 2256 ambitione

75 2287 350 2344 testraiidesnostra
365 2285 476 2341 victoria
499 2295 550 2344 est.
576 2287 669 2342 Solent
692 2288 813 2358 plerique
837 2289 864 2344 ih
914 2287 1017 2344 seruitii
1044 2286 1164 2342 membra
1188 2284 1261 2354 regia
1284 2284 1362 2340 undis
1381 2284 1505 2342 vitalibus
1525 2288 1700 2348 conluceret:

76 2377 229 2435 haceadem
242 2392 334 2443 causa,
347 2377 370 2432 ti
383 2391 431 2446 pro
440 2377 588 2444 expetenda
600 2378 715 2434 sanitate
725 2378 863 2447 credendi,
915 2392 977 2435 cum
993 2391 1023 2433 se
1036 2376 1083 2431 het
1096 2375 1183 2431 sertis
1198 2374 1347 2430 iuilcctcret
1356 2374 1502 2431 timendum
1517 2379 1641 2447 gentibus
1655 2396 1701 2436 ca·

77 2480 121 2526 aut
131 2470 303 2526 sacerdotum
325 2468 431 2524 hortatu
443 2478 487 2524 aut
497 2483 719 2541 quorumcunque
732 2472 864 2528 sodalium
916 2477 982 2539 put:
997 2481 1060 2523 curn
1074 2464 1145 2520 ’sub
1157 2462 1261 2521 casside
1275 2464 1364 2520 crines
1375 2466 1490 2522 nutritos
1504 2466 1612 2523 saluuri
1626 2471 1704 2539 galea
1723 2478 1750 2504 ²

78 2563 247 2633 mggesticnc
270 2571 441 2628 monmntur,
465 2560 688 2617 consuetudinem
706 2562 817 2633 generis
836 2570 865 2618 ιι
915 2575 999 2618 sacrae
1012 2557 1146 2614 unctionis
1168 2555 1304 2621 iuducrct;
1319 2570 1379 2612 cum
1404 2556 1560 2614 intermisso
1586 2560 1702 2629 tegmine

79 2653 157 2709 ιιιιιιι
183 2661 303 2722 paterne
328 2652 524 2709 observationis
548 2666 695 2720 opportere.
722 2653 759 2708 lta
785 2653 865 2708 saluti
915 2651 1057 2708 loricarum
1071 2646 1236 2704 immaculati
1246 2656 1320 2702 artus
1332 2646 1413 2702 simili
1424 2647 1543 2704 catudorc
1558 2648 1702 2720 lulgerent.

78 2756 220 2802 nocentem
234 2744 424 2800 verecumdiam
440 2743 699 2813 praetemptandum
710 2745 865 2814 parentibus
915 2736 1018 2808 Faciet,
1032 2739 1054 2794 si
1068 2738 1132 2809 quid
1145 2736 1267 2804 creditis,
1283 2751 1376 2808 regum
1391 2736 1595 2806 florentissime,
1612 2741 1702 2804 laciet,

76 2835 103 2892 in
113 2834 309 2892 incredulitatis
332 2835 452 2890 custodia
467 2834 587 2889 inutilem
609 2835 786 2890 reverentiam
805 2850 864 2892 ser·
915 2832 1034 2901 inquam,
1049 2829 1266 2886 indumentorum
1279 2827 1328 2881 ista
1343 2827 1481 2897 mollities,
1493 2836 1522 2885 ιι
1539 2827 1613 2886 rubis
1625 2831 1702 2888 dein·

77 2937 140 2982 rant
153 2926 319 2983 conliteutur
330 2940 361 2982 se
382 2927 581 2996 quodammodo
605 2926 709 2983 nescire
729 2927 792 2997 quid
815 2928 865 2984 eli·
915 2938 980 2994 ceps
992 2923 1051 2994 plus
1061 2921 1148 2978 valent
1160 2920 1232 2990 rigor
1245 2933 1397 2986 armorum;
1409 2927 1438 2975 et
1447 2920 1576 2992 quidquid
1588 2920 1702 2979 lelicitas

73 3027 150 3089 gant.
166 3018 290 3074 hisoedat
303 3017 383 3089 igitur
403 3018 437 3074 ab
452 3017 503 3072 hac
521 3021 706 3084 excusatione,
731 3026 791 3084 post
804 3018 865 3075 talis
915 3014 1069 3088 usquehuc
1091 3010 1224 3083 praediis,
1239 3009 1319 3066 addet
1340 3010 1402 3067 hinc
1428 3012 1569 3069 sanctitas.
1598 3012 1697 3070 llcllem

76 3109 142 3166 iacti
157 3109 329 3175 miraculum,
344 3110 439 3164 notius
453 3108 550 3179 pudor.
573 3108 612 3163 he
626 3116 683 3163 toto
703 3107 798 3178 priscte
810 3109 865 3164 ori·
878 3095 902 3160 C
917 3122 981 3163 reru
993 3104 1135 3176 preconiis
1146 3101 1243 3159 vestris
1261 3099 1387 3170 quiddam
1408 3103 1603 3160 exhortationis
1617 3105 1701 3162 adne-

75 3203 147 3274 giois
166 3210 312 3258 stemmate
339 3201 396 3257 sola
422 3200 561 3256 nobilitate
583 3200 711 3267 contenti,
737 3202 865 3272 quidquid
915 3206 1000 3264 utere,
1015 3195 1038 3251 si
1051 3193 1151 3265 aliquid
1161 3192 1204 3249 vel
1216 3189 1354 3247 scientiam
1367 3201 1485 3247 vestram
1499 3193 1540 3248 rei
1558 3195 1701 3252 observan-

76 3292 165 3347 omnis
180 3301 270 3362 potest
282 3291 414 3361 fastigium
429 3289 617 3361 generositatis
638 3305 747 3359 ornare,
774 3307 865 3360 prosa·
915 3288 978 3344 tiam
993 3287 1152 3357 preteriret.
1172 3286 1295 3358 huuquid
1310 3288 1389 3344 lidcrtr
1413 3288 1530 3356 perlecto
1544 3290 1697 3360 predicabi-

78 3384 128 3452 pia
140 3391 238 3438 restrae
251 3381 356 3438 anobis
370 3381 492 3437 voluistis
506 3395 662 3451 exsurgere.
689 3381 800 3438 liabens
814 3383 864 3439 bc·
915 3393 986 3444 mus,
999 3391 1078 3447 quam
1093 3386 1155 3432 ante
1167 3375 1358 3447 perlectionem
1371 3378 1430 3435 sine
1447 3379 1623 3450 predicatore
1635 3381 1702 3436 ridi·

80 3481 319 3539 ooromsuctores,
332 3471 454 3528 voluistis
468 3485 530 3527 csse
545 3472 706 3527 meliorum:
723 3473 866 3542 responde
916 3471 964 3527 stis
974 3471 987 3524 l
999 3486 1032 3523 an
1048 3468 1117 3525 lorte
1131 3466 1319 3536 humilitatem,
1336 3483 1415 3539 quatu
1432 3469 1486 3539 iam
1502 3468 1601 3526 dudum
1624 3471 1701 3526 nobis

80 3563 432 3634 tisproavisquodregnatis
443 3562 470 3617 in
482 3562 593 3628 seculo,
604 3563 736 3618 instruitis
746 3570 866 3633 posteros
915 3561 1057 3620 devotione
1069 3559 1232 3630 impenditis,
1245 3560 1291 3632 qui
1306 3576 1378 3617 nunc
1396 3562 1511 3631 primum
1535 3561 1702 3632 proicssioue

81 3654 149 3724 quod
162 3654 281 3725 regnatis
296 3653 322 3710 in
337 3654 416 3709 coelo.
432 3652 553 3710 Gaudeat
564 3667 631 3723 ergo
644 3653 867 3724 quidembGrae·
915 3653 1036 3711 dehetis?
1058 3666 1093 3708 an
1114 3651 1335 3718 miscricordiam,
1359 3668 1439 3724 quarn
1464 3653 1560 3710 solutis
1584 3670 1599 3710 s
1625 3657 1701 3712 vohis

81 3742 118 3798 eia
133 3744 232 3800 babere
245 3757 276 3801 se
290 3742 436 3815 principem
450 3742 517 3815 legis
530 3755 630 3802 nostrie
650 3747 718 3804 :sed
737 3761 790 3803 nou
808 3745 865 3815 iam
916 3744 1004 3802 adhuc
1015 3755 1099 3814 nuper
1113 3741 1226 3814 populus
1250 3743 1372 3810 captivus
1394 3742 1499 3813 gaudiis
1521 3744 1622 3800 mundo
1636 3745 1701 3801 iusi·

109 1364 204 1405 Πιτῦδ
214 1363 366 1405 timoniis
386 1364 524 1408 BPlSGOl’US
538 1360 552 1389 ¹
565 1366 737 1410 cutoohvlsco
751 1370 822 1412 ml·

115 3884 128 3912 ⁸
144 3873 307 3929 iuncorum
334 3869 367 3929 ad
394 3888 474 3945 qoem
489 3874 646 3933 Theoderici
668 3893 773 3950 quoque
791 3880 862 3951 rogis
947 3877 963 3919 b
979 3877 1146 3935 hnastasium
1160 3877 1224 3948 imp.
1239 3875 1421 3933 Christianum
1433 3879 1508 3935 illurn
1521 3880 1639 3950 quidem,
1653 3882 1700 3938 seul

83 3944 161 3999 ltalia
173 3944 271 4012 duple's
287 3945 356 4014 apud
369 3943 559 4001 cassiodorum
570 3959 612 4000 ιιι
627 3950 750 4016 epistula,
762 3950 831 4005 libro
844 3966 862 4005 tr
912 3965 967 4005 non
981 3951 1047 4003 tatis
1070 3947 1260 4002 orthodoxum.
1284 3946 1375 4004 linum
1392 3964 1456 4004 vcro
1469 3958 1496 4005 ιι
1519 3951 1545 4004 ιι
1560 3952 1632 4005 ltalia
1646 3967 1695 4009 res

83 4015 231 4078 iariarum,
242 4013 287 4080 dl,
298 4026 326 4071 ιι
339 4015 408 4069 libro
424 4030 463 4083 ιιι,
481 4013 510 4078 l,
520 4015 567 4070 sed
585 4026 697 4087 utraque
711 4019 862 4077 hodoinum
913 4017 1106 4084 Theodericus,
1122 4026 1150 4071 ct
1163 4018 1188 4070 in
1204 4015 1288 4070 Gallia
1300 4016 1510 4085 wisigothorum
1524 4018 1657 4086 Alaricus,
1669 4030 1698 4078 ei

83 4097 166 4140 vocat.
188 4084 265 4140 Prior
285 4093 373 4140 autem
389 4083 450 4140 huic
473 4095 571 4141 nostrae
585 4101 695 4156 suppar,
719 4090 741 4145 si
759 4100 864 4159 ternpus
914 4086 1094 4145 Gundebadus
1118 4086 1347 4155 Burgundionum,
1371 4087 1460 4142 briarii
1476 4103 1586 4157 prorsus
1609 4102 1699 4162 ermtt,

83 4161 216 4224 spectetur
226 4171 236 4214 ;
248 4158 346 4221 ιιιιιιι
364 4155 491 4210 videlicet
502 4165 561 4225 post
577 4157 716 4212 victoriam
739 4159 865 4215 diaman-
914 4155 1130 4226 itemqueSuevi,
1144 4166 1172 4211 et
1186 4156 1207 4208 si
1223 4170 1267 4222 qut
1281 4155 1327 4213 alii
1340 4157 1369 4214 ιιι
1384 4157 1527 4230 limparis:
1542 4164 1568 4218 in
1590 4162 1702 4219 Germa-

81 4226 176 4293 ιιιιιιι,
196 4246 256 4298 quae
275 4223 413 4287 clodoveo
429 4228 490 4285 iidei
506 4224 665 4281 Cirristianae
678 4231 784 4285 occasio
800 4229 862 4294 luit,
915 4229 959 4284 nia
973 4227 1136 4285 auunculo
1149 4225 1295 4294 Britannia,
1307 4230 1395 4287 adhuc
1417 4232 1523 4300 pagani.
1537 4233 1571 4289 tlt
1591 4247 1644 4287 non
1660 4234 1702 4289 iu·

83 4299 252 4370 ethsptismi,
272 4301 349 4369 cuius
361 4302 404 4353 hic
418 4314 540 4369 pompam
557 4297 650 4356 Avitus
663 4299 861 4368 elegantissime
915 4298 978 4386 jurii
989 4304 1053 4366 siut,
1067 4303 1113 4370 qui
1135 4298 1379 4370 postClodoveum,
1390 4303 1435 4372 qui
1456 4301 1558 4370 primus
1579 4305 1700 4359 omnium

81 4370 216 4426 describit.
231 4370 314 4425 liircct
327 4384 417 4439 porro,
432 4369 502 4438 quod
516 4370 644 4426 hactenus
662 4368 860 4441 mummulus,
877 4369 1075 4429 brumensis
1093 4371 1241 4425 catholicus
1265 4385 1312 4425 rer
1334 4371 1393 4437 luit,
1411 4371 1518 4442 regibus
1539 4373 1701 4429 Fnrocorurtr

81 4458 862 4580 n.
1647 4443 1700 4500 n

123 4529 128 4537 ·
196 4525 204 4576 ;
755 4528 764 4568 ι
912 4528 949 4569 ιιι
1298 4550 1306 4568 .

79 4593 137 4636 ruso
150 4591 304 4636 nostrarum
316 4578 492 4648 scriptoribus
505 4586 682 4650 persuaserat

111 4699 228 4754 'livitus
241 4696 330 4753 inhac
343 4696 455 4767 epistola
475 4697 606 4755 clodovei
626 4699 788 4770 baptismum
801 4715 865 4772 grs-
914 4698 1074 4756 cbiluettus.
1093 4696 1149 4754 llac
1168 4696 1233 4755 lteto
1253 4696 1288 4755 de
1305 4711 1337 4756 re
1358 4696 1440 4754 rerba
1463 4696 1526 4754 iacit
1549 4695 1703 4756 Hadrianus

78 4768 154 4841 phiec
164 4767 332 4834 describens,
346 4767 416 4823 haud
425 4758 546 4824 meminit
558 4771 683 4840 ampulla
697 4773 803 4828 cuelitus
816 4774 865 4828 de-
915 4769 1038 4827 ialeslus
1053 4779 1119 4825 tom.
1134 4768 1144 4824 l
1158 4765 1220 4823 lter.
1235 4766 1330 4823 Fraus.
1356 4767 1404 4823 lib.
1414 4783 1451 4833 ut,
1466 4783 1529 4850 pag.
1542 4765 1596 4824 ιιι)
1605 4778 1632 4823 ιι
1641 4783 1700 4840 ιιι.

78 4839 168 4894 mose
194 4847 273 4893 sacro
290 4836 437 4894 chrismate
459 4852 475 4892 o
496 4837 582 4906 plera,
611 4855 665 4910 quo
685 4838 864 4897 clodoveusa
950 4840 1140 4896 ¹Francorum
1163 4851 1240 4908 reges
1254 4837 1374 4893 intonsos
1396 4838 1540 4908 perhibent
1568 4837 1701 4897 historici.

77 4916 171 4964 ssrrcto
185 4906 309 4978 lieritigio
323 4916 467 4977 perunctus
489 4908 666 4964 uisseiertur.
689 4910 782 4981 licque
798 4925 864 4967 vero
914 4908 952 4966 Gr
986 4910 1060 4965 orius
1072 4907 1236 4963 Turonensis
1249 4906 1319 4962 illst.
1335 4905 1434 4962 Fraus.
1454 4909 1502 4963 lib.
1520 4921 1558 4972 ιι,
1578 4922 1639 4979 cap.
1656 4907 1703 4976 ht,

76 4978 157 5033 ailam
180 4976 292 5048 liujusce
322 4978 361 5032 rei
386 4976 550 5032 admirabilis
578 4979 740 5036 mentionem
766 4980 863 5037 iactam
913 4978 949 5036 de
985 4976 1233 5044 undoraldoaliic,
1250 4977 1346 5047 inquit,
1361 4994 1419 5031 cem
1438 4987 1513 5033 nctus
1528 4977 1702 5035 encriuGul·

76 5049 156 5104 inisse
171 5044 209 5101 Gr
242 5049 301 5101 orio
315 5046 473 5113 Turonensi,
486 5046 770 5119 Fredegarioaliisque
785 5059 862 5105 retu·
913 5047 1206 5119 inconspectum
1227 5057 1347 5116 nutritus,
1372 5056 1401 5102 ut
1423 5064 1511 5117 regum
1527 5048 1632 5102 istorum
1649 5064 1703 5103 nuos

77 5060 394 5199 stioribusssrahco'runt
424 5116 558 5172 historicis
580 5121 771 5187 comperimus.
801 5119 860 5188 Quo
913 5129 959 5184 est,
976 5120 1085 5172 crinium
1091 5117 1207 5242 Repello
1228 5133 1274 5186 per
1289 5129 1361 5186 tcrpu
1375 5117 1501 5197 demissis,
1517 5130 1570 5174 etc·
1592 5117 1625 5171 Et
1649 5118 1697 5175 lib.

77 5188 184 5256 uidem
197 5188 491 5257 argumentonegatiro
505 5196 614 5241 utuntur
633 5189 754 5244 nortuulli
775 5190 860 5246 critici
912 5203 968 5255 virt,
989 5203 1048 5258 cap.
1075 5189 1087 5242 l
1111 5228 1119 5255 ,
1141 5186 1175 5243 de
1198 5184 1370 5241 clodovecho
1398 5189 1538 5243 interiecto
1556 5185 1697 5257 quemdam

78 5258 243 5312 recentiores
265 5256 300 5311 ad
322 5255 473 5324 huiusmodi
496 5257 609 5326 prodigii
622 5259 761 5315 veritatem
786 5260 860 5314 iulir·
912 5256 964 5314 ista
979 5267 1132 5314 narrantem
1145 5254 1261 5311 inducit:
1277 5253 1341 5310 Cum
1351 5257 1495 5323 ignorarem
1517 5258 1568 5320 ait,
1583 5258 1701 5325 quisnam

79 5327 212 5381 modam.
237 5324 333 5380 lerum
361 5327 403 5380 his
425 5327 542 5381 occurrit
571 5326 602 5381 li.
619 5325 649 5381 C.
667 5327 716 5382 hu.
734 5330 816 5384 abbas
828 5330 860 5385 de
911 5328 1123 5394 cotennensis
1133 5327 1234 5396 prolixo
1242 5325 1346 5396 cognovi
1358 5325 1562 5380 chlodovechum
1575 5341 1639 5381 esse.
1653 5327 1701 5380 llis

82 5392 169 5449 ierim
194 5396 222 5450 io
250 5393 437 5451 dissertatione
449 5394 489 5448 sic
501 5395 647 5464 iuscripta:
664 5396 703 5452 De
724 5399 751 5452 lu
775 5399 860 5456 sainte
912 5412 1030 5453 consume
1049 5398 1131 5453 relert
1143 5394 1272 5466 Agathias
1285 5394 1466 5451 Scholasticus
1480 5393 1545 5449 ιιι
1560 5394 1593 5448 dc
1603 5391 1700 5462 imper.

79 5464 201 5532 desponde
229 5467 361 5519 conserues
381 5465 398 5518 d
423 5464 509 5519 Ιιιιιιιι
534 5481 600 5535 pour
622 5464 647 5519 ic
669 5482 742 5522 sucre
763 5467 795 5529 dc
812 5485 858 5524 nos
911 5478 936 5522 cl
952 5467 1014 5522 liei.
1025 5477 1089 5536 qest.
1103 5464 1203 5519 ιιιιιιιιι
1214 5465 1276 5532 imp.
1295 5479 1354 5532 pag.
1372 5465 1404 5518 tl
1419 5463 1483 5520 edit.
1497 5463 1581 5518 Paris.
1593 5465 1650 5528 Qua
1664 5469 1699 5519 ule

81 5533 147 5590 licis.
160 5533 415 5590 Essiatautemhaec
426 5535 578 5590 dissertatio
591 5534 703 5591 ιιιιιιι.
715 5538 855 5596 ιιιιἈιιι.
911 5551 942 5593 ιι
954 5537 1052 5592 videsis
1068 5535 1146 5589 ιιιιι.
1171 5535 1202 5587 de
1224 5533 1325 5588 tomo.
1340 5533 1385 5590 des
1400 5532 1523 5597 inscript.
1544 5541 1610 5589 tunt.
1631 5529 1699 5604 itit,

80 5603 120 5658 dte
135 5604 257 5670 imerips.
271 5613 336 5658 lom.
351 5603 382 5663 tl.
405 5618 464 5673 pag.
476 5602 538 5669 619,
557 5603 627 5659 in-t.
649 5600 857 5675 [disquisitionem
909 5620 970 5681 pag.
986 5605 1051 5674 til,
1066 5603 1131 5673 iti,
1142 5603 1208 5663 edit.
1224 5602 1293 5660 int.

79 5685 183 5745 quoque
199 5673 232 5728 de
242 5675 360 5744 Διιριιιιι
371 5673 489 5728 ιιιιιιιιιιι
503 5682 581 5730 arrtea
601 5674 721 5732 ediderat
739 5675 782 5732 ιι.
796 5677 855 5733 ιιι.
