3816 6120
58 261 109 315 tsi

664 240 841 303 EPISTOLAE
861 237 904 297 ET
925 236 1096 296 DECRETA.

1645 231 1696 290 toi

57 382 93 435 sit
105 386 134 434 et
148 377 235 431 virtus
256 383 336 443 atque
351 368 489 440 perfectio,
510 367 605 425 merite
619 365 708 423 omnis
731 361 852 420 Ecclesia
866 357 891 416 Α
906 356 1063 427 portiones:
1077 368 1189 425 quarem
1204 369 1283 411 ouans
1305 354 1355 411 sibi
1370 355 1420 425 ipsi
1437 354 1562 418 retineat,
1584 355 1696 411 atterum

59 476 84 528 in
100 472 173 527 bunc
183 482 266 523 unum
282 465 369 520 sirum
382 461 544 535 perlectum,
559 459 635 530 eujus
648 466 690 514 est
710 472 761 511 una
776 467 852 519 caro.

60 564 218 638 perbibetnr
230 570 386 617 occurrere.

330 644 488 702 beelim
507 641 586 698 bl'b.

95 747 147 817 (Er
163 742 278 810 epistola
292 739 325 795 ad
339 736 479 793 bardanio
494 733 635 805 episcopos
649 727 812 800 desumpta.)

405 843 514 884 solede.

63 930 153 1004 Repeti
172 932 351 997 nonpossint
372 921 556 1046 quandraginta
573 919 647 972 onnia
668 915 752 986 quiete
771 913 855 984 potti-

99 1092 164 1148 Ροει
177 1089 338 1160 quingentos
352 1097 436 1140 anuos
448 1081 593 1139 constituta
606 1078 707 1136 Christi
726 1077 856 1147 quosdam

66 1180 224 1240 audierelle
236 1178 404 1241 subvertere,
414 1188 474 1229 cum
489 1172 595 1244 triginta
608 1184 739 1224 annerum
754 1168 796 1223 lex
809 1166 858 1221 be·

65 1276 166 1337 mierum
182 1285 237 1327 non
253 1268 338 1341 possit
350 1264 483 1334 abrumpi.

385 1369 534 1412 secessuri.

67 1457 128 1514 dnn
141 1460 240 1525 opertet
257 1453 288 1506 ob
301 1466 388 1506 eorum
404 1447 569 1531 eleemosynis
582 1446 707 1501 ιιὺιιίιιειε
717 1451 777 1528 port
790 1457 859 1497 ntor·

112 1539 174 1593 tem,
188 1525 279 1595 quiite
293 1525 320 1577 iu
332 1522 382 1576 nite
395 1533 583 1574 commenscere
594 1533 645 1571 nen
658 1516 813 1571 dertttruuts.

102 1616 158 1672 Nec
172 1613 315 1684 qnisquam
338 1609 414 1665 robis
435 1607 546 1663 omuino
567 1604 737 1677 persuadeat,
761 1602 859 1658 deaeio

905 445 1011 502 clericis
1026 459 1074 514 pro
1093 443 1243 501 oideiornm
1263 459 1372 500 suerrum
1387 445 1529 501 sedulitate
1542 444 1695 512 distribuat,

907 537 1012 594 tertiam
1036 536 1199 607 pauperibus
1212 544 1239 591 et
1256 536 1417 606 peregrinis,
1432 545 1555 607 quartam
1570 532 1708 592 ccclesia-⁴

906 626 981 683 sticis
995 625 1103 683 fabricis
1116 626 1222 683 noterit
1234 627 1434 683 reservandam.
1448 626 1487 682 [le
1501 627 1598 698 quibes
1607 626 1698 683 divine

905 718 959 775 erit
971 717 1126 774 redditurus
1140 718 1242 789 judicio
1263 719 1404 774 rationem.
1425 719 1618 774 ordinationes
1631 734 1699 775 rere

905 810 1126 882 presbyterorum
1139 825 1187 866 scu
1200 809 1375 868 diaconorum
1391 826 1443 866 nen
1466 810 1517 867 uisi
1531 812 1632 882 quarti,
1656 826 1701 867 se-

908 899 994 970 ptimi,
1011 909 1038 955 et
1051 899 1147 956 decimi
1162 900 1294 956 meusium
1310 899 1435 971 jejuniis3
1460 901 1507 956 sed
1529 912 1557 957 st
1578 901 1700 972 ingressu

907 992 1131 1064 quadragesimali
1141 993 1240 1063 atque¹
1251 990 1350 1059 medio,
1363 1007 1473 1062 uespere
1482 992 1586 1050 sabbati
1596 996 1701 1051 nouerit

908 1084 1095 1141 celebrandas.
1110 1084 1280 1141 sacrosancti
1301 1093 1392 1139 aetem
1407 1085 1531 1157 baptismi
1548 1101 1701 1143 sacramen-

910 1186 965 1232 tnm
988 1176 1115 1232 nonnisi
1140 1177 1167 1232 iu
1186 1176 1310 1233 Paschali
1336 1176 1479 1235 lestinitate
1502 1188 1530 1235 ct
1544 1178 1702 1237 Pentecoste

909 1269 1063 1325 meminerit
1075 1284 1136 1325 esse
1151 1268 1334 1340 prmbeodum,
1350 1271 1470 1336 erretis
1487 1270 1528 1326 bis
1542 1272 1588 1343 qui
1607 1276 1702 1328 mortis

911 1370 1039 1429 urgentur
1052 1359 1182 1429 periculo.
1207 1374 1242 1415 ue
1265 1359 1291 1414 io
1310 1370 1441 1415 eternum
1461 1370 1580 1430 pereant,
1606 1365 1703 1419 talibus

910 1459 1019 1522 oportet
1032 1451 1160 1507 remediis
1172 1448 1321 1507 subueniri.
1347 1449 1415 1506 lloic
1436 1466 1501 1522 crgo
1518 1452 1565 1508 sed
1577 1469 1591 1509 s
1604 1463 1704 1510 nostrae

913 1553 1046 1615 precepta
1061 1543 1178 1599 servanti
1194 1540 1299 1598 deuotis
1314 1543 1411 1598 animis
1434 1543 1545 1612 obsequi
1561 1557 1608 1599 ros
1621 1559 1703 1617 opor·

912 1643 967 1700 tet,
996 1645 1025 1690 ut
1051 1632 1287 1704 irreprehensibile
1318 1633 1507 1705 placidumque
1535 1634 1581 1689 liat
1606 1650 1704 1705 cerpus

69 1702 303 1780 prevaricationis
313 1701 478 1757 snaecrlmeo
494 1698 576 1752 inisse
591 1696 709 1751 laxatum
723 1711 729 1748 :
741 1694 802 1764 ertia
813 1691 859 1764 qui
876 1720 899 1781 B
912 1727 1051 1793 mosim,
1068 1741 1116 1796 per
1129 1724 1266 1781 Christum
1283 1724 1425 1781 Dominum
1446 1734 1580 1792 mgnum,
1603 1726 1649 1798 qui
1662 1727 1704 1782 vi·

68 1810 212 1870 postquam
226 1797 253 1853 in
267 1792 411 1864 collegium
423 1789 546 1847 recidens
562 1787 710 1859 pravitatis,
726 1786 787 1857 jure
801 1799 858 1841 ute·

69 1895 122 1950 rsit
137 1892 173 1946 ab
184 1883 527 1960 apostelicacommunione
540 1881 652 1952 recludi,
663 1882 689 1935 io
705 1880 755 1936 bae
765 1879 859 1936 eadem

69 1985 220 2054 persistens
233 1979 405 2036 damnatione
419 1975 562 2032 delouctus
579 1983 631 2041 est,
654 1972 860 2033 absolutionem,

69 2088 149 2144 qnam
170 2077 308 2140 superstes
330 2084 383 2123 uon
404 2066 527 2137 qrresiuir
549 2064 659 2120 omuino
678 2077 728 2120 nec
751 2062 860 2127 meruit,

71 2173 118 2219 nee
132 2172 256 2217 mortuus
279 2159 334 2229 jam
349 2166 439 2229 potest
461 2158 614 2227 impetrare.
640 2154 777 2226 Siquidem
796 2153 863 2223 ipsis

71 2253 200 2323 apostolis
213 2251 312 2307 Cbristi
325 2264 390 2306 socc
405 2248 557 2318 delegatum
579 2256 618 2301 εει
634 2265 640 2300 :
660 2248 723 2312 Quo
744 2245 862 2319 lienteri-

72 2348 102 2400 ιιι
123 2360 204 2414 saper
230 2352 326 2399 terrem
350 2340 458 2410 (llettb.
481 2337 569 2408 xviri),
592 2349 620 2393 et
643 2338 755 2409 reliqua.
777 2336 863 2393 Caete-

73 2452 130 2492 rurn
145 2436 181 2490 de
195 2448 230 2491 eo
242 2433 288 2505 qui
303 2433 329 2487 io
343 2431 436 2486 diuino
451 2429 554 2499 jndicio
568 2440 609 2485 est
620 2429 792 2498 constitutos,
813 2445 862 2486 oo·

74 2529 113 2584 bis
129 2526 238 2583 iasnnu
254 2534 296 2582 est
317 2524 387 2579 alind
410 2524 568 2587 decernere,
590 2529 689 2593 praeter
713 2522 738 2577 id
763 2522 790 2577 in
811 2537 864 2593 etro

74 2637 133 2677 eom
157 2621 217 2676 dies
239 2632 382 2687 seprerues
407 2616 631 2686 inuenit22t=1ue
655 2614 717 2672 ideo
741 2615 791 2671 arisi
806 2615 865 2685 eius

76 2712 184 2767 nuntios
196 2710 323 2777 reluuto,
337 2710 497 2781 ceterisque
511 2707 681 2765 consortibus
699 2708 777 2778 liuius
790 2721 866 2763 erro·

76 2802 121 2869 ris,
145 2815 208 2857 curn
231 2800 306 2857 nulle
330 2814 440 2871 prorsus
462 2814 555 2857 eorum
580 2800 739 2872 participare
762 2798 866 2857 debetis

78 2907 174 2947 oreusae
188 2890 331 2946 dominicae
355 2889 514 2959 puritatem,
539 2904 618 2961 quam
643 2890 760 2961 majores
781 2890 866 2946 nostri

78 2999 182 3054 semper
196 2983 231 3038 ab
255 2982 380 3039 baeretiea
401 2996 563 3053 magnopere
582 2991 757 3038 servaverunt
780 2982 866 3052 pellu-

80 3076 148 3132 tinue
162 3076 319 3131 discretam.

358 3148 366 3177 ¹
386 3144 601 3203 consulibua

80 3254 179 3296 essesut
199 3254 287 3307 unere,
306 3254 365 3303 ons
384 3252 499 3293 enascens
519 3252 544 3291 ro
563 3249 611 3291 sua
631 3249 807 3290 cantuariens
822 3249 869 3290 ac·

412 3323 517 3363 cuatuor
528 3323 536 3374 ;

83 3401 92 3472 i
99 3402 201 3468 Quibus
219 3400 346 3456 dirorum
368 3398 549 3456 ordinationes
567 3399 636 3454 buter
651 3397 701 3453 alia
724 3398 870 3467 probiben-

112 3482 155 3526 tur
168 3487 204 3526 er
228 3472 328 3525 biuruo
344 3473 508 3539 pontilicum,
525 3470 637 3536 aliisque
657 3470 709 3525 sude
722 3468 810 3538 dignis
824 3483 871 3525 ce·

112 3541 218 3596 ditibus
231 3542 322 3612 mss).

114 3651 183 3721 Papa
198 3651 244 3709 ille
256 3653 342 3719 clero,
363 3651 463 3716 ordini,
475 3661 502 3708 et
517 3652 586 3722 plebi
602 3650 813 3708 consistentibus
832 3652 869 3706 ei·

84 3744 161 3799 ritate
177 3743 236 3810 illa,
253 3743 435 3800 dilectissimis
448 3741 509 3798 filiis
523 3743 534 3775 ¹
550 3742 576 3797 io
592 3742 705 3798 bumioo
717 3742 841 3798 saluoem.

114 3835 303 3892 Probabilibus
316 3833 458 3890 desideriis
471 3833 481 3865 ¹
492 3833 558 3889 nibil
573 3832 712 3888 attolimus
725 3831 869 3887 tarditatis.

84 3927 203 3984 Fratrem
218 3926 297 3997 ¹jam
312 3934 340 3982 et
359 3925 547 3996 coepiscopum
561 3935 682 3983 nostrum
707 3924 782 3981 illum
796 3925 872 3981 robis

83 4020 263 4076 ordinavimus
279 4018 458 4076 sacerdotem.
483 4016 532 4073 Cui
554 4017 677 4074 dedimus
692 4019 718 4072 io
738 4015 872 4073 mandatis

83 4131 113 4171 re
128 4129 247 4184 unquam
264 4111 445 4168 ordinationes
463 4122 606 4183 praesumat
627 4111 749 4179 illicitas;
772 4125 807 4166 ne
830 4110 872 4164 bi·

83 4223 197 4280 gnmum,
214 4217 260 4263 aut
274 4207 318 4278 quai
332 4206 460 4278 virginem
482 4221 536 4261 uon
556 4213 598 4262 cst
619 4204 730 4260 sortitus
744 4217 870 4266 uxorem:

83 4303 121 4369 oni
135 4315 224 4371 neque
236 4298 417 4364 illitteratum,
432 4296 474 4354 sel
488 4297 515 4352 io
532 4295 648 4367 qrralibet
661 4292 783 4365 corperis
798 4301 873 4362 parte

84 4392 213 4459 uitiatam,
229 4398 276 4445 aut
286 4389 509 4459 expoenitentem,
530 4386 680 4453 relatorias,
702 4395 748 4442 ant
761 4384 872 4441 cuilibet

912 1821 950 1875 rit
977 1828 1006 1876 et
1020 1829 1113 1890 regnat
1127 1834 1188 1875 curn
1202 1819 1258 1874 oen
1273 1817 1353 1873 Patre
1367 1817 1552 1890 omnipotente
1565 1828 1593 1875 et
1604 1819 1705 1890 Spiritu

912 1924 1006 1969 sancto
1022 1927 1069 1984 per
1084 1913 1174 1969 omnia
1189 1911 1287 1967 saccula
1299 1912 1468 1968 saeculorem.
1485 1913 1581 1968 droco.
1601 1909 1633 1967 Et
1647 1912 1706 1967 rui·

912 2005 1098 2076 scriptieejm.
1120 2005 1248 2058 beesros
1263 2002 1566 2066 incolumeseustodiat,
1588 2002 1706 2059 dileetis-

912 2096 973 2150 simi
989 2094 1047 2150 titii.

1191 2161 1356 2219 EPlSTOLA
1379 2161 1435 2218 xl.

915 2280 1013 2335 Norunt
1023 2294 1102 2349 queo
1114 2279 1218 2333 liustico
1227 2277 1394 2348 bredenensi
1404 2279 1481 2350 episc.
1490 2279 1615 2349 occeperit
1625 2279 1707 2334 astisi-

949 2352 993 2405 die
1007 2360 1031 2404 et
1045 2359 1153 2419 peorrtnr
1172 2351 1203 2402 ab
1218 2350 1311 2403 dceeio
1330 2349 1453 2403 tustbreot
1475 2349 1671 2418 persecmienes.

1024 2444 1075 2517 (bs
1089 2442 1197 2527 schedis
1208 2443 1239 2496 ll.
1255 2442 1283 2497 P.
1298 2441 1414 2499 liierou.
1425 2441 1567 2514 ignore.)

952 2556 1131 2615 Dilectissimo
1145 2556 1220 2612 tratri
1235 2554 1346 2611 Rurstieo
1361 2553 1493 2612 Gelasins.

952 2652 1024 2708 luter
1037 2650 1218 2723 ingruentium
1242 2647 1375 2705 malorum
1395 2646 1517 2703 turbines
1535 2655 1563 2703 ει
1577 2646 1709 2704 variarum

917 2741 1093 2798 tentationum
1117 2739 1214 2810 quibos
1238 2751 1307 2808 pene
1330 2736 1477 2809 mergimur
1501 2736 1706 2800 afflictationes,
1800 2797 1802 2801 ,

916 2843 959 2890 tua
976 2833 1053 2890 nobis
1074 2832 1182 2897 caritas,
1197 2829 1381 2885 amantissime
1406 2829 1501 2894 irater,
1519 2828 1624 2901 grande
1638 2829 1708 2884 sola·

915 2926 983 2982 tium
998 2922 1240 2996 propinavimus
1260 2922 1333 2978 enim
1349 2921 1513 2978 consolatius
1528 2931 1620 2992 posset
1640 2924 1711 2978 seci-

918 3019 983 3075 dere
997 3033 1077 3090 quam
1091 3016 1183 3073 ridere
1204 3014 1302 3071 iratres
1322 3013 1477 3069 carissimos
1502 3013 1616 3069 inuicem
1638 3028 1711 3069 eom·

880 3079 1054 3183 cpatientes
1079 3117 1108 3165 et
1132 3116 1235 3178 partem
1263 3105 1354 3162 oneris
1379 3105 1513 3169 lereutes,
1541 3105 1637 3174 paribus
1659 3119 1711 3159 uon

921 3205 1032 3261 miruima
1055 3199 1249 3258 benedictionis
1263 3199 1351 3270 portio
1365 3196 1462 3252 collata
1483 3207 1534 3252 cst.
1551 3195 1711 3252 Benedictus

921 3297 1003 3360 Deus,
1019 3295 1063 3365 qui
1075 3303 1121 3349 tua
1138 3307 1200 3363 erga
1224 3305 1273 3346 nes
1291 3290 1380 3346 taliter
1395 3290 1485 3345 allecit
1504 3288 1668 3360 precordia,
1684 3298 1713 3343 ut

921 3402 974 3442 neo
997 3393 1098 3440 tautum
1121 3396 1181 3454 quse
1204 3382 1332 3451 patimur.
1356 3379 1446 3435 animo
1471 3380 1587 3443 sentias.
1611 3379 1660 3435 sed
1681 3394 1713 3435 ea

922 3469 1376 3534 monstresinsanctaetribulatieuis
1392 3470 1548 3529 exbibenda
1563 3471 1714 3527 misericor-

922 3570 1010 3634 diam,
1026 3567 1132 3639 qualem
1154 3565 1254 3621 babeas
1277 3563 1305 3618 in
1328 3562 1498 3633 compassivo
1518 3561 1601 3617 corde
1615 3561 1714 3617 carita·

922 3675 991 3734 tcto,
1006 3675 1035 3723 et
1057 3663 1186 3734 adjungas
1202 3659 1236 3715 ad
1261 3657 1424 3714 dulcissimae
1443 3646 1636 3713 corrsolatiouis
1657 3669 1715 3711 ser-

923 3771 1018 3813 mones
1027 3769 1088 3827 quae
1095 3761 1157 3810 suot
1167 3752 1309 3823 precipuae
1320 3752 1390 3804 inter
1400 3745 1501 3804 anticos
1512 3746 1714 3817 opltu¹ationes

924 3849 1023 3907 Verum
1037 3846 1211 3904 dilectionem
1226 3852 1299 3900 tuam
1312 3857 1365 3898 nen
1382 3840 1551 3911 latigobiorus
1566 3837 1716 3895 scribentes

923 3957 1003 4016 qurum
1018 3941 1044 3995 in
1062 3947 1138 3995 arcto
1157 3936 1298 3993 fuerimus.
1318 3933 1375 3991 Scit
1391 3933 1472 3989 irater
1492 3942 1584 3988 noster
1603 3941 1631 3987 et
1652 3945 1715 3988 coe-

925 4035 1050 4105 piscopus
1064 4031 1180 4087 AEouios
1195 4026 1387 4101 (Arelatensis)
1408 4039 1487 4095 quaro
1508 4023 1573 4078 utile
1593 4023 1673 4079 inerit
1689 4032 1716 4080 et

915 4125 993 4195 ⁴orroei
1009 4122 1097 4188 misit,
1110 4129 1137 4175 et
1151 4119 1222 4190 quod
1234 4118 1267 4173 ad
1289 4129 1339 4172 noe
1361 4115 1458 4169 misisti
1481 4112 1642 4170 subsidiem.
1657 4115 1716 4170 Ca·

924 4224 1009 4268 terem
1031 4211 1113 4267 irater
1134 4216 1225 4262 noster
1240 4203 1405 4275 Epipbanius
1422 4202 1606 4274 (sionensis),
1621 4203 1668 4274 etri
1682 4205 1715 4257 ιιι

923 4303 1010 4375 gentis
1029 4315 1086 4358 suae
1109 4295 1272 4354 relevandos
1294 4302 1323 4349 et
1346 4290 1520 4348 redimendos
1541 4293 1716 4362 captivasset

924 4404 1015 4467 partes
1036 4402 1141 4451 vestras
1158 4388 1319 4450 destinatur,
1343 4384 1540 4441 fraternitatem
1564 4391 1637 4440 tuam
1659 4399 1717 4441 cer·
1792 4422 1795 4427 ,

83 4482 226 4539 conditioni
242 4481 399 4546 omilim,
422 4486 596 4550 ⁰⁰¹²¹¹¹¹¹i¹i¹¹0
610 4477 643 4534 Ν
656 4492 749 4535 83οῐθὸ
763 4476 871 4533 ⁰¹di¹¹⁰⁸
885 4447 913 4510 D
925 4491 1019 4546 tiorem
1035 4484 1115 4540 iaelet
1128 4487 1255 4552 quantam
1277 4478 1312 4533 ob
1326 4475 1476 4546 impiissimi
1497 4475 1588 4544 ¹Aeacii
1609 4489 1659 4530 cau
1674 4492 1714 4531 aar

85 4575 219 4642 pennitrat
233 4571 373 4628 accedere.
394 4569 447 4626 Sed
461 4568 483 4625 si
497 4583 564 4640 qaros
580 4567 730 4640 huiusmodi
746 4569 813 4624 lurte
829 4583 871 4625 re·
924 4576 1140 4650 persecutionem
1163 4569 1340 4627 sustinemus.
1363 4566 1417 4624 Sed
1439 4581 1492 4622 nou
1513 4565 1671 4631 deiecimus.
1691 4586 1715 4625 c.
1729 4597 1737 4639 ·,

85 4664 192 4733 bviiii!-
216 4677 270 4717 ¹¹⁰ss
293 4659 392 4717 audeat
417 4673 586 4730 li⁰ffl⁰l0¹0·
611 4659 692 4714 *5¹⁰⁵
714 4659 812 4727 iiiiii
837 4659 870 4714 ²1¹
925 4671 994 4728 inter
1010 4678 1047 4725 tot
1062 4679 1203 4741 pressuras
1224 4677 1274 4722 nec
1295 4661 1366 4719 cedit
1380 4662 1497 4728 animus,
1519 4676 1569 4718 uec
1584 4661 1719 4719 relaxator

84 4753 278 4810 ιωῑθθῑθῦῑῑθθδ
305 4750 414 4806 ‘tillim
442 4750 639 4819 liaeiendssssiii
667 4750 739 4806 ”⁰¹¹²
767 4752 871 4808 ¹²¹i⁰¹¹⁰
926 4763 1015 4827 selus,
1036 4777 1086 4818 nee
1107 4758 1241 4814 subvertit
1260 4766 1361 4813 metus.
1377 4755 1431 4812 Sed
1447 4755 1510 4812 licet
1524 4756 1677 4826 aporiantes
1692 4766 1721 4813 ot

85 4844 218 4913 ¹¹¹⁸¹il¹i²b
234 4845 296 4910 (iiiia
311 4842 393 4913 iiiiii
411 4856 504 4897 0⁰¹¹¹¹¹⁰
526 4842 674 4908 'stilicidi'
699 4843 872 4914 inquirem-
925 4850 1260 4924 augustiati,coulrdimus
1278 4849 1304 4904 io
1324 4863 1385 4903 etrus
1407 4848 1451 4918 qui
1466 4847 1540 4905 dabit
1555 4863 1616 4904 cum
1632 4855 1719 4904 tenta-

86 4935 171 5003 ptiaati
183 4933 283 5003 saepius
295 4942 357 4989 suot
371 4934 484 5005 probati·
496 4933 642 4991 molitoris
653 4943 732 5004 atque
746 4943 868 4991 ⁰i⁰i¹1¹ffl
926 4945 999 5002 tione
1013 4951 1171 5015 presentem
1184 4959 1190 4995 :
1205 4948 1232 4995 et
1245 4940 1268 4995 si
1279 4940 1313 4994 ad
1329 4949 1435 5008 tempus
1448 4938 1511 4994 sinit
1525 4937 1651 5009 deprimi,
1665 4953 1719 4995 non

86 5025 221 5089 icelesiaa.
237 5025 280 5081 rel
302 5024 430 5097 quidqrrid
445 5025 509 5079 illud
523 5036 565 5080 est
580 5024 606 5080 iu
626 5024 787 5095 patrimonio
798 5025 872 5095 ejus·
927 5033 1044 5106 parietur
1071 5031 1198 5104 opprimi.
1226 5028 1294 5092 Fac,
1318 5028 1459 5083 carissime
1485 5026 1583 5095 trater,
1606 5037 1634 5083 ιιι
1658 5037 1720 5084 tens

86 5114 142 5171 dem
165 5131 221 5171 non
247 5117 370 5172 mirreere
391 5115 505 5181 studeat,
530 5115 578 5172 sed
597 5132 705 5188 augere.
723 5117 873 5175 [leredditu
928 5139 1089 5197 suorumque
1101 5124 1129 5178 in
1144 5138 1205 5188 nos,
1217 5121 1261 5177 sel
1275 5120 1364 5191 potius
1383 5119 1409 5175 in
1431 5119 1524 5176 sedern
1543 5120 1719 5191 apostolicam

87 5221 145 5264 rero
158 5209 280 5265 eeclesiae
295 5210 337 5264 rel
359 5209 495 5265 oblatione
517 5209 634 5265 lideliuru
658 5222 771 5280 qrratrrer
796 5215 875 5273 iaciat
929 5233 982 5274 raon
1005 5225 1093 5272 cesset
1110 5213 1232 5270 allectus.
1248 5210 1298 5280 Qui
1316 5210 1429 5267 enimin
1445 5209 1720 5282 petrasolidabuutur

121 5386 128 5415 ¹
140 5383 169 5439 iu
182 5384 254 5441 libro
267 5385 368 5440 biurno
383 5385 460 5444 Rom.
473 5393 546 5456 pont.
556 5385 712 5442 inscribitur
725 5406 732 5442 :
745 5389 878 5459 Spnednle
930 5392 991 5447 dice
1004 5389 1197 5446 rctttstissimo.
1214 5387 1272 5440 Mus
1288 5401 1306 5441 ι.

89 5458 150 5522 psed
164 5455 259 5536 arripit
274 5459 417 5525 ep‘rcopna.
433 5456 480 5513 Est
492 5465 519 5512 et
532 5458 601 5512 iuter
617 5457 874 5530 epistolasGregorii
966 5465 975 5494 ¹
991 5462 1018 5515 lu
1036 5460 1095 5514 cod.
1112 5458 1241 5513 streton
1255 5457 1331 5512 deest
1346 5457 1371 5510 in
1389 5454 1500 5509 Domino
1511 5455 1626 5509 salntem.

89 5525 210 5580 llordrne
222 5538 328 5595 quarta.
342 5526 444 5582 Citater
459 5539 486 5582 et
501 5527 569 5594 apud
586 5525 706 5582 Gratian.
722 5543 755 5582 ex
766 5530 875 5587 Gelasio
966 5531 976 5563 ι
991 5531 1029 5584 td,
1042 5532 1101 5584 card.
1114 5529 1177 5582 tue.
1191 5527 1265 5581 addit
1276 5528 1375 5581 nstin,

89 5592 128 5658 ib,
143 5593 202 5663 xli,
221 5605 318 5665 quest.
331 5597 360 5656 2.
375 5597 457 5660 clero,
482 5597 568 5652 ordini
588 5610 614 5652 ct
639 5598 710 5667 plebi
724 5599 872 5656 brendesii.
964 5602 974 5631 ¹
991 5600 1027 5654 td.
1042 5599 1115 5663 cod,
1130 5597 1217 5651 etionr.

89 5663 215 5720 llsseuts.
231 5692 267 5706 —
278 5663 384 5721 Gelasio
394 5669 474 5722 etiarn
488 5667 644 5725 inscribitur
657 5669 685 5723 in
699 5670 809 5730 lenensi
828 5686 874 5728 eu·
965 5671 975 5702 ¹
990 5671 1028 5726 td.
1039 5670 1112 5731 coil..
1128 5668 1262 5723 mediante.

202 5755 340 5816 Parnoi..
365 5755 440 5818 ΗΧ.
