3816 6120
133 262 169 315 ttl
731 249 907 306 tittstotm
928 249 970 304 st
990 247 1157 303 uetusta.
1726 243 1762 301 tto

132 373 293 428 riicrrdarnrn
306 370 374 424 desit
386 367 549 423 aniumrum:
567 378 668 434 trosque
679 377 774 431 riiarguo
784 372 875 428 reatu,
900 362 922 416 si
938 376 962 432 Λ
977 360 1102 430 rogandis
1119 372 1250 412 cationum
1263 365 1432 423 paternorum
1447 364 1523 409 setus
1534 354 1617 408 ticina
1630 363 1759 408 servetur.

133 478 209 519 terito
227 470 384 518 coarctante
402 459 529 530 periculo,
546 471 599 511 nnn
624 454 792 525 aliquatenus
808 455 815 484 ¹
830 454 922 509 uidea-

132 573 194 609 tunr
207 553 319 609 lttnectl.

168 641 236 695 Cae.
249 640 280 694 u.
293 635 440 691 -Priscis
454 633 533 704 igitur
544 647 591 697 pro
601 631 641 687 sui
653 629 800 685 reuerentia
815 643 924 684 manen·

92 710 95 715 ‚
131 733 206 787 tibus
218 731 385 792 constitutis;
402 741 473 795 oure,
488 724 532 779 ubi
547 723 616 777 nialla
628 724 671 778 uel
688 736 779 777 rertnu
794 722 837 775 vel
858 728 926 776 tem·

132 839 229 894 purum
245 827 368 888 perurget
381 816 513 886 angustia,
527 814 684 885 regulariter
694 811 821 867 cuttvcnit
834 820 925 865 custo·

133 917 205 980 rtirc,
218 923 330 969 coenus
350 907 471 965 ecclesiis
486 921 546 977 quas
559 906 600 960 rel
614 905 720 960 cunetis
734 910 797 958 sind
815 903 924 973 priuatas

135 993 925 1070 ministris,relsullicicntibususqueadeodispoliatnserri·

134 1099 193 1163 tiis,
202 1108 229 1150 ut
238 1094 359 1165 plebibus
367 1092 400 1145 ad
411 1090 639 1160 sepertinentibns
648 1088 735 1142 diuina
745 1101 854 1140 tttuueta
863 1100 923 1153 sup·

134 1191 213 1256 silere
228 1202 280 1240 noir
292 1189 410 1250 caleant,
424 1194 479 1236 tam
498 1180 643 1235 'intuendi
658 1195 736 1249 quarn
751 1176 924 1247 promovendi

132 1277 268 1343 clericalis
277 1275 400 1345 obsequii
410 1274 450 1328 sio
460 1269 732 1343 spatiadisponsauda
741 1268 922 1324 concedimus.

152 1398 157 1408 ·
172 1369 208 1426 Ut
220 1370 243 1423 si
257 1367 319 1438 quis
331 1367 412 1422 etiarn
422 1364 456 1421 de
469 1363 596 1433 religioso
610 1361 757 1432 proposito,
771 1358 925 1428 etdiscipli·

132 1459 178 1516 nis
205 1457 439 1514 monasterialibus
466 1453 600 1518 eruditus,
626 1452 658 1508 ad
686 1451 809 1507 clericale
829 1464 925 1504 tnnnns

131 1551 259 1618 accedat,
272 1548 405 1619 imprimis
422 1547 481 1617 eius
496 1547 547 1601 sita
569 1544 710 1616 praeteritis
725 1551 782 1598 acta
800 1542 924 1612 tempori·

132 1642 185 1699 bus
196 1644 357 1714 inquiratur,
369 1640 391 1696 si
408 1639 481 1696 nullo
495 1637 567 1709 graui
584 1636 703 1692 facinore
717 1635 844 1706 probatur
857 1631 925 1688 inle-

975 453 1031 508 b'ec
1044 462 1139 506 contra
1158 464 1205 504 eos
1219 449 1271 503 tilla
1286 449 1389 503 ratione
1404 448 1554 519 praevaleat,
1569 446 1639 516 quand
1654 460 1702 514 pro
1715 458 1761 497 ac·

975 541 1091 599 cidentis
1105 540 1225 596 delectus
1245 539 1364 594 remedio
1378 536 1541 608 providetur,
1559 554 1611 592 non
1634 538 1762 591 ailoersus

974 633 1041 689 scita
1056 633 1187 699 majorum
1203 646 1270 684 nora
1293 630 1351 699 iege
1362 629 1538 699 proponitur:
1554 629 1658 682 catoris
1670 627 1760 682 ecele-

974 726 1021 780 siis
1042 727 1076 780 ab
1096 723 1146 779 bae
1169 722 1310 780 occasione
1323 722 1504 790 cessantibus,
1523 736 1588 790 otras
1605 737 1656 774 nnn
1680 718 1760 774 simili

974 816 1050 872 clade
1077 823 1203 882 vastatas,
1229 813 1368 884 pristinam
1394 811 1522 868 iaciendis
1548 810 1760 867 ordinationibus

974 908 1099 963 conuenit
1112 916 1205 964 tenere
1215 907 1386 962 seutentiam.
1399 905 1458 972 Quo
1472 905 1556 974 magis
1571 904 1621 957 bac
1634 910 1761 972 npportn·

975 1002 1060 1056 nitate
1080 1001 1247 1065 communiti,
1263 999 1460 1054 observantiam
1483 997 1695 1051 venerandorum
1716 1007 1762 1048 ca·

975 1106 1074 1146 nonunt
1091 1090 1250 1160 propensius
1264 1089 1430 1158 deleganms,
1455 1088 1618 1156 singulorum
1629 1083 1760 1154 graduum

975 1184 1158 1238 conscientias
1172 1183 1360 1249 admonentes,
1376 1197 1409 1236 ne
1424 1184 1450 1236 in
1469 1180 1576 1236 illicitos
1587 1192 1762 1249 prorumpere

974 1275 1266 1330 molianturetoessus.

1011 1366 1064 1421 Nec
1078 1366 1185 1421 lasesse
1197 1364 1314 1420 confidat
1328 1364 1440 1434 qtrisuue
1456 1363 1620 1434 pontiacum,
1630 1363 1760 1432 bigamos,

974 1468 1019 1513 aut
1033 1458 1154 1527 conjugia
1177 1473 1197 1512 ss
1210 1459 1321 1513 rtientes
1336 1457 1370 1512 ab
1385 1458 1445 1511 aliis
1460 1456 1597 1522 derelicta,
1614 1458 1670 1511 sire
1683 1468 1763 1524 quos·

974 1550 1037 1604 libet
1052 1550 1062 1581 ⁸
1076 1549 1262 1619 poenitentium
1278 1548 1326 1622 [nl.
1342 1557 1401 1618 pust
1426 1546 1634 1617 poenitentiaml,
1649 1546 1691 1600 uel
1704 1545 1764 1601 sine

974 1641 1080 1707 litteris,
1088 1639 1129 1696 vel
1140 1641 1367 1709 corporesitiatos
1376 1639 1423 1712 [nl.
1433 1636 1620 1710 minutos],vel
1629 1636 1763 1692 conditio·

132 1745 205 1798 ctus,
217 1738 238 1788 si
249 1732 396 1789 secundant
411 1747 461 1788 non
478 1728 568 1786 babuit
576 1728 697 1784 latitatis
711 1741 831 1791 uxorem,
846 1741 923 1782 neca
939 1732 962 1792 ll
976 1733 1077 1799 narius,
1086 1741 1131 1786 aut
1138 1731 1219 1787 curiae
1227 1731 1446 1801 publicarumque
1455 1745 1545 1784 reatum
1555 1728 1762 1797 neribnsimpti·

134 1825 235 1880 tttatlto
260 1824 380 1880 relictam
417 1821 464 1894 [ul.
494 1819 632 1892 rejectam]
662 1820 771 1874 sortitus
803 1817 923 1873 ostendi·

133 1923 196 1978 tur3
212 1914 235 1967 si
249 1913 432 1979 poeriitentiam
460 1910 593 1982 publicam
615 1909 737 1966 lortassis
757 1923 810 1963 uon
830 1908 922 1977 gessit,

134 2021 188 2059 suec
202 2004 257 2058 nlla
270 2005 391 2073 eorporis
406 2012 480 2071 parte
501 2001 606 2056 uitiatus
630 2008 757 2070 apparet;
784 2000 806 2054 si
831 1997 922 2053 seruili

133 2104 184 2150 aut
199 2090 353 2165 originariae
363 2109 415 2147 non
426 2103 467 2148 est
479 2092 627 2148 conditioni
639 2092 787 2156 obnorins;
807 2091 830 2144 si
842 2090 923 2145 curias

133 2188 189 2258 jam
206 2186 251 2258 [ul.
263 2185 355 2257 etiam]
365 2185 491 2255 probatur
508 2186 620 2241 nexibus
634 2184 786 2248 absolutus3
809 2184 832 2238 si
847 2196 923 2238 asse·

134 2287 215 2332 cutus
238 2286 281 2332 est
304 2275 416 2339 litteras,
432 2277 490 2331 sirie
514 2274 668 2345 quibusvis
684 2273 805 2329 fortassis
823 2273 923 2328 ostiarii

136 2368 224 2438 possit
244 2366 357 2436 implere
370 2366 545 2421 tninisterium
562 2383 569 2421 a
586 2374 613 2420 ut
628 2366 650 2420 si
671 2365 712 2420 bis
726 2365 851 2420 omnibus
865 2379 924 2434 quoa

134 2469 201 2515 sunt
215 2460 339 2529 predicta
357 2457 476 2522 fulcitur,
495 2458 621 2513 continuo
633 2457 726 2521 lector,
738 2457 779 2510 uel
795 2455 922 2520 notarius,

135 2561 182 2606 aut
197 2561 269 2605 certe
279 2549 405 2606 defensor
419 2549 541 2610 eductus,
554 2558 614 2618 post
634 2555 689 2602 tres
708 2562 813 2602 menses
827 2546 925 2600 existat

136 2642 289 2713 awlytbus,
309 2639 459 2695 maaimesi
485 2637 627 2693 buleutas
645 2636 725 2691 etiam
750 2635 924 2704 suffragatum

136 2740 215 2787 sesto
226 2745 316 2785 mense
330 2729 484 2785 subdiaconi
495 2743 592 2784 nomeu
603 2727 729 2797 accipiat;
752 2726 817 2781 acsi
834 2723 926 2780 niodu-

138 2832 190 2877 stas
212 2820 425 2876 euiiversattonis
449 2819 622 2888 honestaque
647 2818 790 2873 voluntatis
815 2814 925 2883 existit,

138 2930 212 2969 trrsrio
222 2911 461 2978 meosediacouus,
479 2911 666 2980 completoque
684 2923 754 2964 anno
769 2908 803 2964 sit
814 2907 926 2980 presby·

115 3028 118 3033 >
138 3015 181 3060 ter
193 3004 251 3059 :cui
262 3014 360 3069 tamen,
374 3002 444 3074 quod
456 3018 586 3057 annorum
604 3001 744 3056 interstitia
756 2999 926 3055 lucrantcol-

972 1833 1109 1892 catos,ant
1120 1825 1217 1891 passim
1227 1824 1296 1898 nulla
1307 1824 1435 1890 temporis
1446 1821 1617 1892 coiigrncntis
1625 1829 1762 1890 exspecta·

973 1911 1760 1984 tiuarediscussus,diuinisservitnrosapplicarearrysteriis;

974 2019 1060 2074 neque
1080 2019 1129 2074 pro
1147 2019 1195 2057 suo
1207 2003 1282 2057 libitu
1294 2006 1353 2070 jura
1365 2004 1489 2058 studeant
1503 2004 1590 2057 aliena
1606 2007 1761 2070 peruadere.

973 2097 1073 2163 absque
1086 2095 1158 2150 sedis
1171 2095 1324 2164 apostolicae
1332 2095 1403 2164 justa
1418 2093 1592 2163 dispositione
1607 2092 1760 2147 mandante.

1010 2185 1074 2241 Car.
1087 2185 1132 2240 tv.
1146 2215 1182 2226 -
1194 2185 1320 2240 Basilicas
1336 2184 1440 2239 nouiter
1455 2183 1589 2239 institutas
1603 2199 1655 2239 non
1672 2181 1762 2251 petitis

975 2293 1007 2332 ex
1039 2293 1116 2333 more
1129 2276 1140 2308 ⁸
1154 2274 1390 2345 praeceptionibus,
1406 2276 1530 2330 dedicare
1557 2289 1609 2328 uon
1634 2273 1775 2338 audeant„

975 2386 1024 2425 nec
1045 2369 1165 2424 ambiant
1178 2369 1296 2440 episcopi
1312 2367 1419 2424 sibimet
1441 2366 1577 2423 uindicare
1589 2366 1703 2422 clericos
1714 2379 1762 2436 po·

975 2464 1077 2517 testatis
1087 2462 1191 2516 alienae.

1011 2552 1075 2607 Can.
1093 2550 1126 2606 ll.
1141 2581 1176 2591 —
1190 2550 1360 2620 [laptizandis
1374 2549 1616 2621 consignandisque
1640 2547 1763 2604 lldclibna

980 2642 1134 2697 sacerdotes
1157 2643 1242 2711 pretia
1261 2642 1333 2696 nulla
1357 2640 1504 2711 nauigauit,
1528 2656 1578 2696 nec
1601 2638 1763 2703 illationibus

976 2736 1137 2806 utribuslibet
1158 2735 1290 2804 impositis
1302 2734 1437 2803 exagitare
1451 2734 1558 2801 cupiant
1572 2739 1762 2787 renascentes:

976 2826 1101 2897 quioniam
1116 2825 1186 2894 quod
1197 2826 1280 2893 gratis
1296 2825 1458 2893 accepimns,
1474 2825 1558 2894 gratis
1572 2822 1636 2877 dare
1648 2820 1758 2876 manda-

978 2931 1038 2970 mur
1062 2913 1169 2984 (lluttb.
1186 2912 1223 2984 xl.
1251 2914 1284 2968 tit
1312 2913 1372 2967 ideo
1386 2913 1479 2968 sribila
1497 2911 1630 2981 praedictis
1654 2922 1763 2980 prorsus

977 3007 1085 3075 exigere
1099 3004 1253 3066 moliantur,
1261 3018 1313 3072 quio
1324 3004 1365 3058 tel
1379 3011 1533 3071 piairpertate
1544 3012 1656 3071 cogente
1671 3002 1761 3056 ‹teter-

138 3098 245 3163 latura,
268 3098 352 3150 saneti
377 3095 506 3166 propositi
532 3103 627 3164 sponte
650 3101 772 3162 suscepta
800 3089 962 3150 tlooeaturC
979 3096 1034 3164 riti,
1062 3096 1105 3150 rel
1127 3094 1309 3165 indignatione
1334 3095 1466 3159 revocati,
1495 3093 1688 3162 redemptionis
1704 3104 1760 3145 suto

139 3188 296 3258 prestitisse
307 3185 421 3241 deuotio.

174 3278 187 3309 ⁸
205 3277 269 3331 Cur.
289 3277 333 3333 ttt.
347 3306 384 3318 -
396 3277 423 3332 Si
438 3291 501 3332 sero
512 3275 546 3331 de
559 3277 633 3331 laicis
655 3276 785 3346 nitispiam
800 3276 927 3331 ecelesia·

139 3367 214 3425 sucta
238 3375 281 3423 est
303 3367 486 3438 aggregandus
501 3366 608 3432 rrldciis,
632 3379 706 3422 inrito
733 3366 876 3422 sollicitius
899 3367 927 3421 io

139 3457 264 3528 singulis,
278 3473 338 3525 uuae
349 3458 472 3528 superins
485 3462 678 3527 comprebcnsa
690 3466 761 3523 sunt,
775 3455 927 3526 liiijnsmodi

138 3548 216 3603 decet
230 3548 376 3603 examinari
398 3563 550 3619 personam,
572 3559 702 3617 errantum
732 3547 804 3602 inter
817 3549 928 3600 munda·

138 3654 203 3694 uam
228 3640 433 3711 religiosamque
456 3641 536 3694 uitam
547 3647 653 3695 constat
673 3654 733 3694 esse
747 3637 926 3693 discriminis:

139 3729 202 3800 quia
220 3729 310 3800 utique
335 3731 519 3786 conuenientia
544 3732 666 3787 ecclesiae
689 3731 836 3786 ministeria
851 3743 929 3798 repa·

139 3821 225 3874 raeda
241 3830 313 3887 sunt,
324 3836 376 3875 uon
392 3821 642 3877 incoinenteunbus
658 3820 926 3890 rireutisingerenda3

140 3920 269 3982 tacitoque
283 3912 377 3982 magis,
391 3913 461 3982 quod
476 3912 561 3968 saeris
572 3922 662 3982 aptum
678 3912 761 3980 possit
770 3926 830 3967 esse
844 3912 927 3966 serui-

139 4005 197 4070 tiis,
226 4005 254 4059 in
280 4020 373 4059 eorum
391 4004 565 4073 quaerendum
580 4013 622 4059 est
645 4003 782 4067 institutis,
799 4013 926 4072 quantum

140 4094 189 4167 [ut.
207 4094 317 4169 quanto]
331 4097 366 4153 de
377 4105 499 4166 tempure
509 4112 561 4166 quo
573 4096 679 4152 lucrant
687 4097 744 4151 baec
761 4094 927 4165 assequenda
960 4110 962 4114 ·

137 4186 307 4254 decerpitur:
316 4195 346 4242 ut
358 4202 463 4243 morum
476 4187 576 4244 babere
589 4188 717 4243 doceatur
730 4189 780 4243 hoc
796 4188 925 4258 probztas,

138 4277 214 4349 guod
228 4277 356 4346 prolixior
369 4278 534 4334 consuetudo
549 4293 602 4333 non
622 4278 752 4343 contulit;
771 4293 804 4333 ue
818 4293 867 4347 per
881 4292 927 4333 oc-

138 4370 280 4425 casionem
303 4371 458 4440 supplendae
478 4371 595 4440 penuriae
613 4372 746 4426 clericalis
760 4373 823 4424 uitia
839 4375 926 4441 potiris

977 3203 1072 3245 causas
1086 3188 1160 3242 adire
1172 3188 1338 3255 despiciant3
1353 3196 1455 3242 certum
1471 3186 1600 3240 habentes
1620 3184 1691 3253 quud
1714 3184 1760 3252 utri

978 3280 1109 3350 prohibita
1124 3279 1284 3349 deprehensi
1308 3279 1408 3334 luerint
1420 3279 1571 3342 admisisse,
1584 3279 1626 3333 uel
1636 3273 1761 3333 constuis-

978 3387 1005 3426 sa
1019 3388 1071 3426 urin
1081 3372 1224 3439 potiussna
1233 3378 1328 3440 spoirte
1338 3370 1515 3434 correxerint,
1529 3368 1675 3439 pericnlum
1690 3366 1762 3422 subi·

979 3464 1031 3518 turi
1046 3462 1144 3531 proprii
1158 3462 1212 3517 sint
1223 3461 1342 3518 horroris.

1013 3554 1077 3611 Cae.
1095 3554 1137 3607 l'l.
1158 3553 1257 3608 -Nec
1278 3552 1367 3609 atinus
1392 3553 1472 3606 etiam
1495 3550 1664 3621 presbyteros
1695 3550 1764 3605 ultra

979 3650 1087 3702 modum
1109 3661 1186 3701 surium
1209 3647 1319 3701 tendere
1335 3644 1527 3714 probibemns;
1551 3659 1600 3698 nec
1619 3642 1765 3712 episcopali

979 3740 1082 3809 fastigio
1094 3738 1181 3794 debita
1195 3738 1301 3793 sibimet
1312 3738 1440 3792 audacter
1449 3750 1587 3792 assumere
1600 3752 1608 3789 :
1625 3750 1678 3788 nean
1693 3748 1761 3787 con·

980 3830 1085 3886 liniendi
1099 3828 1271 3890 chrismatis,
1296 3843 1348 3882 tina
1371 3824 1583 3897 consignationis
1606 3824 1765 3894 pontilicalis

979 3920 1138 3976 adbibendae
1152 3919 1386 3986 sibimetarripcre
1401 3916 1570 3981 laenitatonm
1584 3931 1636 3969 uon
1649 3928 1765 3983 primen-

978 4023 1004 4069 te
1017 4014 1135 4082 quolibet
1148 4011 1277 4074 aritistite,
1291 4010 1341 4064 nisi
1357 4010 1469 4064 tortasse
1479 4009 1632 4078 jubeantur,
1647 4005 1688 4060 uel
1701 4018 1764 4058 ora·

978 4103 1068 4169 tionis,
1083 4104 1124 4158 rel
1139 4103 1250 4157 actionis
1265 4116 1349 4156 sacre
1367 4101 1521 4170 supplendae
1536 4099 1586 4152 sibi
1603 4108 1765 4166 presumant

976 4211 1038 4252 esse
1052 4196 1202 4258 licentiam;
1215 4207 1301 4261 neque
1310 4192 1361 4247 sub
1379 4191 1436 4261 ejus
1449 4200 1568 4260 aspectu,
1590 4190 1639 4243 nisi
1652 4189 1765 4258 jubean-

978 4298 1030 4352 tur,
1041 4295 1086 4340 aut
1095 4284 1191 4339 sedere
1205 4291 1377 4352 presumant,
1391 4290 1437 4335 aut
1448 4283 1460 4314 ¹
1470 4280 1618 4335 ueneranda
1627 4282 1674 4352 [nl.
1686 4294 1766 4334 rene·

978 4373 1085 4447 rabilia]
1103 4385 1218 4429 tractare
1233 4372 1368 4444 mysteria.
1390 4372 1504 4427 Nccsibi
1528 4372 1699 4427 niciniuerint
1712 4370 1765 4425 ulla

139 4459 239 4515 ‘fimi’
249 4460 364 4516 “mum
378 4460 740 4531 llillllsssse‘luffloesslltb¹¹0ss
754 4461 878 4531 ¹⁰lll¹5¹ssae
887 4463 927 4515 sa·
943 4453 968 4512 Ῑ)
982 4470 1084 4524 ratitine
1098 4467 1219 4531 concedi,
1231 4468 1289 4521 sine
1303 4480 1409 4520 sirinmu
1424 4466 1559 4536 pontilice,
1575 4464 1766 4518 siiltdiaconnru

137 4553 221 4609 miliae
243 4564 431 4623 computemur
446 4567 602 4623 procurasse
626 4555 801 4624 compendin;
815 4569 927 4623 uirorum

137 4644 353 4714 promotionibus
366 4658 445 4714 super
457 4643 518 4698 auni
534 4653 630 4708 nietas,
650 4659 698 4699 ser
713 4659 819 4700 arienses
832 4644 927 4699 nibilo-

137 4733 228 4788 miuus
241 4733 419 4804 sirbrogamns
430 4747 438 4789 t
451 4734 588 4804 quosdam,
611 4735 682 4790 sicut
694 4735 794 4790 dictum
810 4744 862 4800 est,
886 4735 927 4790 di·

135 4833 211 4878 stare
222 4827 350 4879 conuenit
360 4826 429 4881 inter
441 4840 594 4896 personam,
610 4825 701 4882 diuino
712 4828 794 4883 cultui
807 4828 923 4884 deditam

135 4916 209 4972 etde
224 4918 353 4973 laicorum
368 4919 572 4975 conuersatione
582 4920 747 4983 uenientem
762 4934 821 4989 qua
837 4927 925 4976 tamen

136 5016 251 5063 oeoenns
264 5008 425 5078 indulgenda
437 5009 609 5073 credidimus,
623 5019 653 5065 ut
667 5009 720 5065 illis
733 5011 855 5065 ecclesiis
868 5014 926 5081 oui·

136 5099 189 5152 bus
200 5101 374 5156 intestatione
384 5100 513 5156 bellorum
525 5101 565 5156 vel
573 5101 645 5156 nulla
657 5103 771 5169 penitus,
781 5102 821 5156 vel
830 5103 925 5171 exigna

135 5201 342 5258 retnarnerunt,
368 5192 515 5248 ministeria
537 5205 709 5261 renoventur,
732 5204 861 5263 quaternus
886 5195 927 5250 bis

135 5278 195 5336 beo
210 5282 327 5351 propitio
341 5284 480 5347 restitutis,
495 5284 521 5340 in
532 5285 718 5341 ecclesiasticis
728 5286 926 5356 gradibnssub·

175 5433 238 5488 ¹td.
255 5436 327 5501 cod,
346 5440 517 5496 correctarum.

177 5506 234 5557 ’td
252 5508 325 5568 card..
339 5513 496 5564 t'rntitucudt'.

177 5573 331 5629 'liunturn
358 5580 465 5633 Nicnluo
480 5598 544 5648 papa
560 5583 585 5635 ln
608 5581 685 5647 epist.
698 5579 715 5632 Ξ
730 5584 761 5634 ad
773 5583 928 5637 lllcltaelent

136 5648 454 5718 inuia-unctu«guiredum
467 5654 500 5704 tbi
513 5652 783 5722 abrsiisdiscrepant.
797 5655 927 5710 llunnuis.

979 4571 1024 4615 aut
1040 4558 1240 4629 acolytlnnnjns
1252 4557 1349 4611 babere
1357 4556 1485 4622 lacieudi;
1502 4569 1670 4624 uecprorsus
1680 4554 1766 4608 addu-

979 4651 1076 4717 bitent,
1085 4651 1107 4706 si
1119 4648 1647 4722 quiidqnarnndepiscopaletirinistcrium
1661 4647 1765 4718 specia-

978 4746 1039 4800 liter
1055 4745 1191 4813 pertinens
1215 4756 1264 4795 sun
1290 4752 1361 4794 motu
1387 4739 1538 4809 putaverint
1554 4737 1765 4807 cusi-quendum,

979 4835 1105 4890 nonturno
1129 4848 1159 4888 se
1184 4831 1342 4903 presbyterii
1356 4830 1483 4901 dignitate
1497 4840 1524 4885 et
1549 4843 1625 4887 sacre
1647 4843 1768 4883 commu·

979 4928 1059 4981 trione
1082 4925 1190 4996 priuati.
1211 4925 1287 4990 Quod
1304 4923 1359 4977 deri
1374 4936 1483 4977 successe
1498 4930 1539 4975 est
1562 4933 1727 4985 censeamus,
1744 4920 1767 4974 si

979 5033 1071 5071 corum
1087 5017 1202 5086 praesule
1218 5014 1365 5079 delercut'e,
1377 5011 1529 5082 hujusmodi
1547 5011 1629 5067 luerit
1642 5009 1768 5079 pravari-

978 5110 1048 5163 catio
1064 5109 1112 5181 [ut.
1126 5105 1306 5177 praesumptio]
1329 5105 1513 5175 comprobata,
1537 5121 1586 5160 nec
1600 5105 1661 5175 ipsu
1674 5115 1766 5157 eurum

980 5199 1112 5268 episcopo
1130 5197 1420 5267 actilpacunniueutiae
1436 5205 1464 5250 ct
1478 5198 1577 5250 ultione
1590 5206 1725 5260 vacaturo,
1744 5192 1766 5245 si

980 5289 1157 5344 immoderata
1178 5288 1319 5343 facientem
1333 5287 1540 5343 dissimulaverit
1552 5286 1696 5343 uindicare.

1027 5442 1036 5472 ⁸
1052 5443 1080 5495 ln
1094 5441 1154 5495 cod.
1168 5443 1233 5496 Luc.
1249 5444 1322 5498 deest
1334 5447 1489 5516 judicemur.

1022 5514 1031 5541 ¹
1049 5512 1085 5562 bl.
1098 5513 1170 5573 unul,
1183 5526 1238 5582 post
1250 5517 1429 5582 pecuiteutt'nm.

1023 5584 1032 5613 ⁶
1046 5583 1115 5634 lnlra
1127 5597 1185 5648 cap.
1202 5586 1246 5642 ab,
1263 5595 1388 5655 precepto
1401 5583 1627 5655 sedisapostolicae.

1024 5651 1031 5679 ’
1049 5654 1114 5707 tud.
1130 5653 1194 5708 Luc.
1209 5656 1272 5723 tdtt,
1286 5657 1447 5711 terretubt'lt'u.
