3832 6120
144 341 196 396 265
806 338 969 397 esistunt
990 336 1082 393 ltili.
1725 340 1777 400 2b'b

144 449 250 520 ignaros
263 446 341 518 legis,
351 448 400 504 scd
414 450 463 506 sub
475 448 718 519 longosalutarinm
729 448 932 504 meditationum
947 450 974 511 A
987 461 1108 515 sacuam,
1125 446 1208 502 ueteri
1222 445 1385 517 oblitterata,
1408 463 1467 519 quas
1482 449 1518 505 ita
1533 463 1563 507 se
1586 449 1778 513 circumductis

143 540 282 612 „tamaio
296 542 472 610 peruenisset
484 542 616 609 Quocirca
633 555 732 596 nouum
745 541 781 597 sit
799 541 869 607 aliis,
883 555 934 598 ros
986 537 1115 594 irridebat
1128 538 1276 605 erroribus,
1292 549 1321 594 ιιι
1341 539 1414 596 salta
1437 542 1625 612 respondentis
1639 542 1777 617 libertate,

144 628 330 686 metantem
338 630 402 686 belli
414 628 493 702 buius
505 646 520 684 a
534 630 700 701 perfectione
712 630 819 686 virtutis
832 630 914 686 ordiri
925 647 932 696 ;
985 629 1173 701 propositionis
1184 631 1301 701 pravitas
1314 632 1417 688 exitum
1428 647 1481 688 non
1493 633 1614 702 baberet,
1626 645 1654 692 et
1667 651 1701 694 es
1711 651 1776 709 pro·

143 734 191 793 ego
210 731 303 776 autem
327 720 354 775 in
369 720 447 790 cuius
470 720 560 776 animo
577 721 697 776 carinula
719 735 809 777 arcem
824 720 932 787 tenetis,
984 720 1051 790 priis
1064 719 1248 779 instrumentis
1271 724 1297 777 in
1315 722 1436 794 iugulum
1453 733 1530 781 sunm
1550 724 1686 783 resistenti
1699 742 1777 785 arma

142 810 311 883 iamdudum
336 811 525 867 incunctanter
538 825 713 881 agnoveram,
729 813 763 867 ad
785 811 933 867 catholicos
985 823 1151 884 suggereret.
1171 813 1241 881 Quid
1265 816 1374 871 mtdtis‘t
1389 815 1484 887 pagina
1500 831 1560 888 quae
1574 817 1627 888 legi
1643 831 1776 890 coeperst,

143 918 239 961 sensum
252 903 399 960 intuendos
413 918 461 973 per
474 902 603 969 studium,
619 904 786 973 tuendosque
804 916 853 972 per
873 916 934 957 rer·
985 902 1018 957 ad
1033 903 1168 959 silentium
1183 905 1307 962 conierre
1324 920 1355 963 se
1368 906 1463 962 maluit
1477 924 1484 963 ι
1498 915 1526 963 ιιι
1537 907 1661 967 erunibus
1674 911 1776 982 proba·

143 997 215 1066 bum,
241 997 354 1067 probato
376 997 403 1052 in
419 996 495 1053 uobis
520 994 671 1052 deuotionis
692 995 783 1052 ardori
804 1010 858 1050 non
880 1005 933 1048 tam
985 993 1074 1049 biliter
1096 995 1264 1060 innotescat,
1289 1011 1369 1066 quam
1392 997 1428 1053 sit
1451 996 1547 1064 divisa,
1571 1012 1652 1069 quam
1674 999 1774 1072 lacilis,

143 1086 274 1143 desideria
287 1087 384 1142 deesse
393 1101 473 1157 qnam
487 1097 617 1156 tempora.
626 1085 795 1155 Quapropter
804 1085 933 1140 larnulatu
984 1097 1063 1152 quam
1077 1085 1227 1152 spernenda
1243 1088 1393 1154 persuasio,
1404 1101 1464 1157 qnae
1474 1087 1631 1158 excogitatis
1645 1089 1775 1160 multipli-

143 1179 313 1235 salutationis
321 1177 422 1247 oblato,
435 1186 511 1248 pastu
522 1194 575 1248 quo
588 1172 704 1233 mentem
716 1188 832 1233 uestram
841 1176 934 1248 ieiuno
985 1173 1061 1229 cibus
1070 1176 1233 1245 argumentis
1244 1176 1341 1231 diuinae
1351 1176 1534 1233 instructionis
1546 1177 1653 1248 inopem
1666 1180 1775 1238 turbare

144 1286 258 1342 corpore
280 1270 414 1336 satiastis,
442 1271 598 1341 significans
623 1271 703 1326 etiam
725 1284 769 1325 me
792 1269 933 1335 relectum,
985 1281 1039 1323 non
1050 1267 1143 1322 salonit.
1158 1268 1221 1324 llaec
1236 1270 1326 1340 itaque
1340 1269 1492 1339 replicent
1506 1269 1635 1340 quidquid
1648 1272 1775 1346 estquod

143 1364 212 1420 unde
228 1365 340 1434 paucula
356 1366 413 1419 bec
426 1364 575 1419 saturitatis
586 1379 652 1419 meae
662 1363 808 1431 gratulatio
818 1373 933 1426 eructat,
986 1357 1013 1411 in
1027 1371 1108 1413 causa
1128 1359 1176 1414 liei
1199 1360 1319 1428 placcat,
1343 1360 1420 1416 uobis
1443 1361 1535 1431 procul
1558 1361 1640 1420 dnbio
1659 1363 1775 1420 sentiam

143 1453 229 1510 licum
245 1453 318 1524 qnod
332 1463 419 1508 restat
434 1468 562 1523 exposco,
579 1465 607 1509 ιιι
620 1454 662 1509 cui
677 1454 858 1523 praedicatoris
872 1452 933 1509 ulls·
985 1450 1184 1507 ascribendum.
1203 1452 1346 1508 Enimuero
1360 1453 1386 1508 in
1396 1453 1538 1523 propatulo
1556 1453 1682 1523 babetur,
1703 1454 1777 1527 quod

143 1544 213 1599 sium
234 1543 290 1613 jam
314 1543 451 1613 imposuit,
479 1544 609 1599 bonorem
631 1543 795 1615 subjungat,
816 1552 844 1599 et
862 1543 933 1612 quod
986 1558 1029 1599 mc
1043 1543 1083 1600 sic
1095 1545 1160 1600 olim
1175 1545 1363 1601 collocutionis
1375 1556 1472 1602 uestrae
1486 1545 1550 1601 lima
1564 1547 1777 1617 componit,om·

143 1643 288 1691 exercetur
302 1644 374 1697 actu,
391 1637 549 1690 ostendatur
570 1643 599 1690 ct
619 1634 725 1701 babitu;
748 1648 798 1691 noc
818 1634 933 1690 docilem
984 1633 1079 1704 nisque
1092 1635 1118 1690 in
1133 1649 1277 1692 eoirsmnne
1290 1637 1509 1706 praedicationum
1524 1645 1672 1693 uestrarum
1687 1639 1777 1696 cultus

143 1722 189 1781 sed
208 1724 330 1791 doctum,
354 1739 404 1780 nec
422 1725 570 1781 discentem
586 1725 633 1781 sed
648 1726 786 1783 doctorem
806 1725 933 1780 cathedra
987 1725 1119 1793 inuberat,
1137 1735 1166 1780 ut
1180 1727 1260 1782 sedes
1272 1727 1315 1780 illa
1332 1727 1374 1783 cui
1390 1742 1440 1783 ros
1455 1727 1569 1784 contulit
1582 1728 1692 1785 coeleste
1704 1727 1777 1798 indi·

142 1814 282 1884 suseipiat.
298 1814 326 1870 ln
340 1814 488 1885 qua,selnt
499 1815 697 1885 triumphatore
717 1815 864 1885 conspicuo
877 1828 934 1870 ser·
950 1807 1073 1884 licium,
1097 1817 1210 1872 mulium
1235 1817 1444 1874 administratori
1467 1818 1587 1874 muneris
1606 1817 1777 1890 praestitisse,

143 1905 177 1962 tis
189 1906 826 1977 glorienictriciseuincto,interacclamantnm
837 1907 934 1977 gaudio
985 1909 1102 1964 sednon
1119 1909 1208 1964 nrisrus
1229 1909 1256 1964 in
1271 1908 1486 1965 administrantis
1504 1924 1620 1980 persona
1645 1910 1778 1969 meruisse

138 2010 275 2054 consonas
288 2015 378 2065 raccs,
393 2009 508 2070 quantus
523 1999 550 2055 in
563 2000 687 2072 clypeum
702 2013 837 2071 assurges,
853 1999 933 2055 etiam
984 1998 1115 2055 uideatur.
1140 1998 1267 2055 incumbe
1289 2013 1354 2070 crgo
1374 1998 1510 2065 orationi,
1533 1998 1641 2056 domine
1661 1999 1778 2069 pectoris

137 2088 237 2144 nolens
251 2089 411 2160 astipuletur
425 2089 511 2146 bostis
528 2100 666 2159 expertus,
682 2104 818 2160 nunquam
841 2091 933 2145 inuen·
985 2091 1050 2161 mel,
1065 2101 1093 2148 et
1107 2090 1236 2146 auxilium
1250 2091 1308 2155 lici,
1320 2099 1447 2161 qnantum
1463 2104 1511 2160 pro
1525 2096 1551 2146 te
1561 2097 1615 2144 tam
1627 2104 1677 2160 pro
1690 2091 1778 2147 omni-

138 2191 219 2238 tsrus
232 2183 306 2254 qnod
321 2183 354 2239 de
365 2181 493 2253 qualitate
508 2183 596 2238 meriti
608 2181 782 2250 contradicat,
799 2180 846 2238 sed
859 2181 935 2236 babi·
986 2182 1046 2246 bus,
1069 2182 1140 2237 sicut
1162 2181 1253 2237 lacere
1274 2180 1420 2249 consuesti,
1444 2180 1503 2250 pius
1522 2189 1550 2235 ct
1565 2179 1691 2253 perticas
1705 2187 1779 2236 tutor

134 2283 218 2331 turns
230 2288 339 2345 semper
351 2273 386 2330 de
399 2272 485 2345 praelii
495 2272 679 2344 inaequalitate
693 2271 764 2344 quod
777 2272 879 2328 timeat.
985 2263 1108 2344 implora,
1123 2283 1155 2329 ιιι
1176 2273 1237 2330 lidci
1252 2288 1346 2329 murus
1366 2272 1439 2327 nulla
1453 2269 1652 2341 oppugnatione
1667 2285 1778 2342 quasse-

384 2362 553 2420 epistota
572 2362 688 2420 xlviii.
986 2374 1038 2420 tur.
1064 2364 1266 2420 Procurandnm
1287 2373 1377 2419 antem
1401 2370 1444 2419 cst
1467 2371 1497 2417 nt
1519 2361 1588 2417 idios
1603 2361 1779 2434 alumnosquo

266 2468 430 2511 ιιιιιιιιιιιιιιι
448 2469 502 2511 runt
521 2466 657 2510 tssrrsrms
676 2467 809 2508 uenient.
987 2468 1047 2512 unos
1060 2449 1165 2526 uulgata
1179 2454 1362 2511 indesinenter
1376 2453 1551 2523 castigatione
1566 2453 1678 2522 tuearis,
1690 2457 1719 2508 et
1731 2467 1778 2507 ua·

174 2546 285 2605 iltiuam
306 2545 372 2603 mibi
391 2547 506 2604 subinde
528 2547 667 2618 contingat
680 2556 710 2601 ut
726 2545 837 2615 alloquii
853 2547 934 2601 uestri
984 2544 1121 2601 lidissimis
1131 2546 1260 2602 doctrinae
1272 2545 1365 2612 armis,
1381 2544 1450 2600 sicut
1471 2542 1596 2615 legimus,
1611 2549 1702 2601 tecum
1715 2542 1776 2604 tin·

135 2636 307 2698 moditate
319 2654 430 2710 augear,
445 2639 598 2695 eruditione
618 2637 790 2694 corrobores.
815 2637 935 2708 Duplicis
985 2650 1049 2692 ccre
1058 2649 1146 2706 cogas.

135 2730 275 2799 siquidem
290 2730 383 2801 gloriae
396 2731 498 2786 lrnctus
513 2730 559 2786 tali
573 2729 695 2785 succedit
708 2737 817 2796 euentu,
831 2728 894 2784 dum
909 2739 937 2784 ct

135 2818 208 2878 ntes
231 2828 328 2891 tepore
350 2819 467 2877 marcida
491 2819 619 2876 terrentis
640 2819 801 2876 luornminis
825 2820 937 2876 calescit

137 2912 235 2983 elatu,
261 2920 291 2968 et
314 2912 449 2982 ingenium
482 2911 597 2968 staturali
629 2918 786 2983 paupertate
817 2910 936 2981 jejunum
1038 2960 1044 2967 .

138 3001 279 3072 perspicui
301 3000 413 3057 cultoris
435 3016 486 3071 ope
507 2999 625 3058 ditescit.
647 3000 757 3058 Undesi
778 3000 935 3071 dignamini,
1023 2999 1168 3054 Plurimum
1184 2999 1268 3054 miror
1281 2999 1352 3068 quod
1363 3012 1477 3070 persona
1488 3014 1600 3071 proque
1611 3000 1780 3060 intercedere

140 3096 290 3151 musitante
299 3092 467 3150 saluntionis
477 3093 576 3159 olllcio,
585 3093 714 3149 maximas
724 3093 824 3164 gratias
836 3094 937 3150 referre
987 3090 1143 3162 dignamini,
1158 3089 1224 3145 mibi
1242 3089 1362 3161 Lugduni
1376 3090 1463 3160 posito
1475 3092 1534 3149 sola
1548 3103 1658 3164 negaret
1676 3095 1781 3152 crimen

142 3198 291 3253 memo,
304 3183 374 3254 quod
390 3184 530 3254 responsio
551 3198 609 3239 anea
624 3182 693 3254 apud
716 3181 864 3254 principem
890 3183 937 3237 ba·
951 3179 974 3243 C
988 3185 1059 3255 quod
1074 3182 1235 3240 universitas
1247 3184 1445 3254 conclamabat,
1456 3193 1484 3241 et
1496 3194 1558 3250 post
1569 3186 1603 3241 ad
1618 3186 1670 3244 boc
1684 3187 1782 3259 resipi-

143 3274 207 3342 lita,
221 3284 250 3331 et
264 3274 300 3330 ad
314 3290 362 3330 ros
374 3283 405 3330 ut
422 3275 560 3331 indicastis
575 3289 685 3331 rumore
699 3275 813 3345 perlata,
829 3289 939 3344 compe·
991 3276 1092 3350 scendo
1103 3275 1236 3344 peruenit,
1245 3284 1275 3331 ut
1286 3276 1363 3332 uobis
1374 3291 1422 3348 pro
1433 3277 1510 3333 uenia
1521 3276 1692 3347 supplicaret.
1704 3277 1782 3349 Quod

145 3376 201 3423 tens
213 3366 359 3437 judicium,
374 3381 427 3421 non
441 3382 472 3421 os
488 3380 549 3422 meo
564 3381 623 3434 orc,
636 3367 683 3422 scd
696 3382 728 3421 cs
745 3376 835 3422 restro
848 3382 940 3423 aurore
991 3368 1014 3421 si
1029 3364 1187 3435 simpliciter
1200 3366 1279 3436 petit,
1300 3377 1408 3424 constat
1429 3367 1566 3424 bominem
1590 3369 1669 3426 etiam
1692 3379 1784 3430 reatus

147 3458 307 3527 promeruit.
332 3456 490 3527 Quanquam
517 3456 780 3526 praecellentissimus
802 3457 939 3526 princeps,
991 3455 1113 3512 ordinem
1129 3458 1262 3514 conlltcri.
1279 3458 1411 3524 Quocirca
1427 3457 1491 3514 licet
1506 3459 1533 3513 in
1549 3458 1674 3517 omnibus
1685 3462 1783 3529 causis,

149 3560 205 3604 mm
219 3550 257 3605 sit
271 3548 305 3602 ad
320 3546 510 3603 inrenlendum
525 3549 630 3618 ignens,
647 3547 767 3618 prolluus
789 3547 822 3601 ad
845 3546 938 3602 dicen·
993 3564 1040 3618 pro
1055 3549 1210 3620 dignatione
1230 3564 1309 3620 quam
1331 3549 1395 3604 mihi
1411 3550 1575 3619 impenditis,
1596 3551 1710 3609 liberum
1731 3569 1785 3611 non

151 3638 222 3705 iem,
236 3640 276 3694 ita
291 3652 387 3695 sensns
400 3647 535 3695 ιιιιιιιιιιι
555 3639 698 3703 lantrannus,
712 3649 741 3693 ut
752 3652 860 3708 semper
872 3652 939 3694 con·
993 3638 1106 3696 babeam
1126 3640 1198 3696 aliud
1214 3638 1305 3696 iacere
1319 3655 1398 3709 quam
1410 3639 1510 3709 jubetis
1523 3657 1531 3695 a
1545 3656 1598 3696 non
1619 3657 1727 3714 possum
1743 3654 1785 3699 ta·

152 3729 275 3787 tentibus
290 3729 434 3784 mitissimo
447 3739 540 3800 pareat
554 3730 644 3784 auditu
658 3746 667 3788 ;
679 3739 767 3784 tamen
779 3730 878 3786 laboris
888 3728 942 3786 snei
994 3747 1066 3799 men,
1081 3733 1141 3803 quia
1155 3731 1195 3788 sic
1209 3733 1285 3788 nobis
1301 3733 1388 3788 risum
1399 3743 1452 3801 est,
1466 3735 1628 3791 remissurus
1641 3737 1692 3792 nisi
1713 3737 1788 3806 prius

154 3821 247 3878 erlem
260 3829 401 3892 amputato
414 3836 522 3892 equore
546 3823 706 3893 prolixitatis
721 3824 836 3878 insinuo.
852 3822 942 3879 labo·
994 3835 1156 3892 exaggerare
1170 3822 1242 3892 quod
1255 3820 1343 3876 doleo.
1360 3821 1418 3878 Scit
1430 3823 1502 3878 enim
1513 3823 1598 3892 pietat
1609 3833 1708 3890 restra,
1721 3836 1749 3880 et
1760 3826 1788 3881 iu

156 3926 207 3970 tun
219 3914 332 3984 inquam
346 3912 416 3982 dico,
433 3914 494 3983 qnia
516 3915 649 3985 procellas
672 3915 816 3985 inopinatis
837 3914 944 3972 datibus
995 3913 1169 3984 eeclesialegi
1183 3914 1336 3985 frequenter
1347 3912 1459 3982 audiuit,
1473 3914 1500 3969 in
1511 3914 1569 3984 ipso
1579 3914 1702 3971 adulterii
1716 3915 1788 3973 malo

159 4002 289 4062 irruentes
311 4006 452 4076 imperitus
473 4014 553 4062 naula
571 4007 614 4060 uis
638 4008 760 4064 sustinet.
786 4009 857 4078 Ergo
870 4021 943 4076 curn,
995 4011 1110 4075 quantos
1133 4002 1272 4072 Scriptura
1295 4001 1386 4057 diuina
1410 4002 1509 4072 gradus
1532 4004 1677 4072 exprimat.
1696 4002 1789 4062 Primo

160 4092 199 4153 liei
213 4095 348 4153 beocddo
370 4096 479 4153 tandem
499 4107 624 4154 cessante
647 4098 739 4162 taedio,
764 4097 945 4167 tranquillitas
996 4094 1145 4153 lorrricandi
1162 4093 1238 4163 lapsu
1254 4094 1387 4164 peccarit,
1402 4095 1448 4163 qui
1462 4094 1590 4150 [eminam
1604 4095 1731 4166 conjugio
1742 4110 1789 4151 ca·

161 4186 258 4252 publica
271 4185 407 4250 rediisset,
420 4186 495 4256 quasi
506 4188 773 4244 mutatisdiucastris
783 4188 945 4243 destinatum
997 4199 1101 4245 rentem
1125 4187 1235 4242 libidine
1253 4185 1434 4242 inflammatus
1454 4186 1576 4255 appetiit.
1590 4186 1715 4243 &cundo
1735 4202 1789 4259 quo

163 4283 289 4332 ιιιιιιιιιιι
304 4275 404 4331 insoni.
420 4276 534 4346 Semper
551 4277 623 4332 caim
639 4276 748 4348 ignaras
768 4276 945 4346 imbellesque
998 4278 1093 4349 pejori,
1114 4277 1159 4348 qui
1180 4277 1251 4333 iurto
1270 4292 1351 4346 super
1373 4287 1468 4333 cuncta
1490 4277 1636 4333 damnabili
1658 4277 1789 4349 simplicis

165 4376 284 4431 lenones
297 4368 460 4439 petulantior
478 4367 616 4424 condictus
639 4369 804 4440 aggreditur.
827 4368 945 4425 Primum
998 4371 1049 4428 lori
1064 4368 1220 4441 pudicitiam
1240 4368 1359 4425 uiolauit.
1385 4368 1507 4441 Cumque
1528 4368 1595 4425 nihil
1609 4371 1718 4438 grauius
1739 4371 1790 4428 bac

167 4461 262 4529 quidem
283 4478 302 4519 e
323 4462 429 4519 diuersa
455 4472 531 4534 parte
553 4464 654 4534 proprii
678 4464 829 4519 luctaminis
857 4477 946 4518 serato
1000 4462 1095 4532 iniuria
1107 4462 1237 4516 liumanus
1251 4461 1357 4515 arsimus
1373 4471 1458 4530 putet,
1474 4474 1521 4517 uos
1534 4460 1661 4531 conjicite
1675 4463 1790 4533 qualiter

1243 2725 1409 2782 bristoud
1430 2725 1524 2781 lillis.

1050 2831 1144 2873 tlt'lttis
1165 2831 1318 2872 viennensis
1337 2831 1476 2873 El’iSCOPUS
1488 2826 1503 2854 ⁸
1518 2831 1581 2873 tllto
1599 2831 1718 2876 tbwt‘l'tll

1299 2902 1467 2945 essentiatum

167 4554 284 4615 inlusit.
296 4552 398 4609 Deinde
409 4553 481 4609 velut
494 4555 529 4610 ab
541 4554 644 4610 insidiis
655 4557 802 4625 repentinis
817 4557 891 4612 iussus
902 4565 946 4611 est
958 4539 984 4599 Ῑ)
997 4553 1115 4609 eoelestis
1136 4551 1247 4621 justitiae
1271 4552 1381 4606 castitas
1403 4561 1552 4618 moveatur,
1573 4550 1587 4591 ¹²
1612 4552 1635 4608 si
1661 4567 1789 4624 sponsam

169 4648 268 4704 smine
290 4647 497 4703 transmarinus.
527 4647 647 4719 Detriquc
672 4649 751 4705 incidi
778 4650 804 4704 in
826 4651 946 4703 cbartam
997 4646 1105 4703 Christo
1119 4643 1255 4711 devotam,
1267 4654 1295 4701 ct
1308 4645 1334 4699 in
1348 4645 1432 4700 sancd
1446 4644 1539 4701 altaris
1547 4643 1664 4703 thalamo
1678 4645 1790 4703 benedi·

196 4793 208 4822 ⁸
224 4784 326 4841 beroen
341 4784 393 4840 boc
404 4800 468 4841 sero
479 4785 557 4854 plane
571 4786 709 4849 Celticum,
720 4800 752 4840 ac
767 4786 880 4841 tortasse
893 4784 944 4839 boc

171 4847 218 4911 bru
228 4854 427 4927 Bnmnodirum
440 4872 447 4909 :
459 4857 536 4927 cuitus
551 4855 657 4925 generis
677 4856 746 4912 inter
769 4854 884 4912 comites
898 4854 944 4924 qui

171 4916 373 5053 medianum
396 4925 500 4997 legibus
521 4927 714 4995 subscripsere,
736 4923 942 4990 aunemundus,

257 4996 357 5066 nodus,
379 4995 568 5067 Fredcguudns
588 5004 617 5052 et
635 4996 838 5052 Godcmundus.
858 4992 944 5050 Aruse-

172 5068 253 5124 nendo
266 5066 355 5123 εἰιιιιιι
371 5067 584 5136 inscripserunt
602 5067 684 5122 etiam
698 5067 820 5137 epistolae
833 5067 880 5132 il,
896 5065 942 5119 id.

194 5131 206 5173 Β
222 5137 251 5193 in
264 5151 313 5193 eos
346 5135 439 5191 nisibi
461 5150 552 5192 sacrm
567 5136 683 5203 uirgines
699 5141 724 5192 in
746 5136 942 5192 matrimonium

172 5195 286 5275 iugum,
301 5152 498 5261 dilectiorem
521 5207 682 5272 antistitum,
705 5222 738 5262 ne
752 5206 820 5262 alios
842 5221 945 5261 memo·

172 5282 225 5343 tere,
238 5285 341 5346 apeme
362 5286 428 5347 sunt
449 5278 601 5332 ιιιιιιιιιιίιι.
624 5278 653 5332 ln
668 5278 783 5332 concilio
805 5277 907 5331 l'uron.
922 5291 942 5339 ι,

171 5345 244 5401 aet
260 5363 269 5400 t
286 5344 338 5411 Qut
352 5361 380 5401 se
397 5348 505 5401 socratis
518 5346 657 5416 uirginibus
671 5363 717 5419 per
738 5346 944 5413 conjunctionem

171 5415 292 5485 Ιιίιιιιιιιι
305 5415 463 5483 sniumei,
477 5418 516 5472 sei
529 5418 689 5487 propositum
704 5418 826 5487 profem
842 5417 946 5485 religio·

169 5483 199 5538 tis
216 5485 416 5558 dereliquerint,
438 5489 538 5558 sstriqtte
560 5504 577 5542 o
603 5489 779 5543 sorttmunione
801 5486 945 5540 inbuuntur

168 5552 232 5610 diesi
242 5571 252 5611 :
262 5559 323 5627 qtrt'o
334 5558 362 5611 st'
378 5557 435 5621 quis
456 5561 578 5629 ternplum
591 5555 638 5613 bei
658 5558 799 5625 uiolauerit,
814 5557 945 5627 disperdet

167 5624 229 5680 ditm
243 5627 322 5691 iletts,
336 5627 417 5681 donec
430 5630 603 5694 resipiscentes
614 5633 647 5681 od
658 5628 783 5683 auxilinm
795 5627 945 5698 gtoendentt'oe

165 5709 322 5751 reseruntur.
340 5697 373 5751 Et
387 5701 413 5750 in
428 5701 541 5753 conscilio
557 5699 700 5754 l'arisiensi
718 5713 756 5762 tn,
772 5712 831 5752 can.
847 5696 947 5752 5:811·

163 5780 284 5823 trstsrnnt
298 5767 424 5837 uirgineos
439 5784 518 5836 neque
530 5784 574 5835 per
588 5777 702 5839 rapiunt,
720 5782 799 5836 neque
816 5782 860 5836 per
875 5783 945 5821 corra-

276 5858 414 5919 Persou.
436 5856 518 5918 uix.

996 4781 1130 4852 petitiones
1144 4779 1253 4849 aliquos,
1268 4777 1402 4847 qnisquam
1419 4776 1540 4849 conjugio
1559 4780 1692 4833 sortiatur.
1714 4780 1790 4845 Quod

994 4854 1018 4908 si
1032 4861 1120 4907 contro
1139 4848 1275 4905 interdicto
1295 4848 1352 4916 qttis
1370 4848 1477 4914 ιιιιιιιιὶι,
1493 4858 1517 4902 et
1535 4849 1694 4904 soserdotem
1713 4867 1790 4908 sosas

995 4923 1086 4977 andire
1100 4921 1249 4993 neglexerit,
1261 4928 1285 4974 et
1297 4919 1325 4973 in
1341 4917 1462 4987 presenti
1475 4933 1492 4971 o
1506 4919 1686 4973 communione
1698 4921 1790 4976 utin.

995 4993 1054 5048 bote
1063 4989 1187 5046 Ecclesiae
1200 4991 1322 5044 itubeotttr
1334 4997 1480 5053 estrosteus,
1490 4997 1515 5041 et
1528 4989 1716 5059 inperpetuum
1727 5007 1790 5044 sno.

996 5062 1105 5118 tiemone
1115 5062 1233 5131 [ιιιιιιιιι.
1249 5056 1439 5115 lnl'uronensi
1452 5059 1570 5127 deniqne
1584 5073 1614 5123 n,
1627 5073 1732 5118 unone
1741 5060 1788 5128 2⁰,

996 5131 1120 5189 similiter
1132 5138 1272 5193 ominium,
1286 5128 1320 5184 Ut
1333 5131 1419 5183 nullius
1440 5139 1567 5183 tocrotsm
1582 5127 1636 5183 lieo
1653 5132 1789 5203 saginem,

996 5219 1054 5274 qstoe
1073 5203 1100 5256 in
1114 5194 1237 5255 honorent
1258 5199 1352 5255 Christi
1372 5209 1465 5255 satem
1481 5197 1605 5265 ιιιιιιιιιίι,
1624 5210 1670 5254 ιιιιι
1687 5218 1789 5272 ιιριιι,

996 5284 1041 5328 out
1068 5282 1223 5340 cmopetere,
1247 5279 1293 5324 uns
1311 5269 1359 5323 sibi
1379 5269 1498 5340 sortjuqio
1518 5269 1617 5324 meiere
1639 5282 1789 5341 prosternor.

997 5343 1072 5411 Quod
1086 5343 1108 5396 si
1121 5350 1248 5410 pastorem
1259 5356 1334 5394 susm
1343 5338 1442 5402 omne,
1457 5348 1482 5391 et
1494 5352 1523 5392 se
1535 5339 1569 5392 rte
1581 5339 1658 5394 serito
1669 5343 1790 5413 conjugio

996 5429 1116 5486 separare
1129 5412 1301 5480 despexerint,
1318 5408 1423 5478 perenni
1440 5409 1703 5463 excommunicatione
1716 5413 1787 5465 dorm

996 5493 1098 5539 utentur.
1114 5481 1249 5537 llactenus
1261 5478 1334 5548 leges
1345 5477 1547 5534 ecclesiastieae.
1563 5478 1630 5534 Naar
1641 5478 1704 5547 jure
1715 5481 1789 5536 cirili

997 5556 1078 5611 etiam
1091 5551 1160 5620 apud
1173 5564 1233 5619 nos,
1248 5549 1292 5618 qui
1306 5557 1440 5604 sacratam
1450 5548 1581 5618 uirginem
1594 5548 1646 5602 sibi
1656 5548 1683 5602 io
1693 5554 1790 5604 mami-

998 5626 1089 5680 monio
1098 5623 1224 5681 sociarat,
1238 5619 1344 5689 capitali
1358 5618 1490 5675 sententia
1506 5619 1661 5679 leniebatur,
1677 5634 1710 5672 es
1725 5618 1794 5676 Clo.

1000 5697 1059 5751 uarii
1073 5695 1093 5750 lt
1109 5694 1178 5762 regis
1193 5689 1396 5755 constitutione,
1411 5705 1472 5759 qnae
1489 5689 1559 5745 inter
1572 5687 1686 5744 concilia
1696 5686 1792 5750 Gallio

999 5765 1118 5822 subnexa
1132 5771 1173 5820 est
1185 5761 1324 5822 concilior
1338 5759 1491 5816 Pariaiensi.

1564 5850 1590 5911 b
