3816 6120
207 291 255 346 itii
842 283 869 337 S.
893 280 982 335 atili
1003 278 1202 335 iiiEb'NENSiS
1785 280 1838 340 tit

210 404 260 459 l‘er
273 417 307 469 equ
317 419 331 454 e
346 408 449 455 sectato
460 396 623 453 conscendas
635 395 742 449 tramite
754 393 868 456 coeium;
1009 394 1033 451 Α
1048 388 1189 444 ilnndanis
1201 388 1296 443 ludens
1310 387 1380 443 taciti
1396 402 1466 443 nunc
1479 403 1576 458 apperc
1586 388 1679 455 currit,

210 493 265 549 Nec
278 492 375 547 desunt
388 491 507 559 exempla
519 488 601 543 domi,
616 487 681 541 iiam
698 487 800 556 rspice
810 495 923 555 quantae
1046 481 1170 539 strictior
1184 481 1256 535 irrrrre
1266 495 1359 535 carcer
1370 480 1473 535 crudeli
1486 489 1559 535 sorte
1574 479 1673 549 ligabit.

212 584 361 656 Virginibus
376 583 474 636 llorens
483 581 538 650 jam
551 588 672 634 nostrum
684 590 798 634 stemma
811 591 924 633 coronas
1082 574 1122 629 iu
1137 573 1217 628 modo
1230 573 1262 627 da
1275 574 1388 640 ueniam,
1406 574 1451 641 qui
1464 581 1490 628 te
1501 573 1671 636 exhortatur,
1687 574 1785 638 amori,

211 676 311 732 iliserit
324 676 350 729 in
365 673 471 737 omium,
487 680 580 726 sancto
595 684 662 740 quas
672 669 798 739 dogmate
815 677 901 723 mator·
1046 663 1257 734 Currentemque
1269 672 1370 730 monet,
1382 678 1442 717 cum
1457 664 1502 718 rix
1515 673 1603 718 tamen
1619 663 1677 730 ipse
1691 674 1839 735 sequatur:

210 765 354 821 Severiana
369 763 471 828 levans,
486 770 514 818 et
528 769 554 814 to
567 758 723 827 conjungier
737 764 813 826 opat.
1047 755 1148 810 Suadet
1161 755 1246 810 ueloci
1262 754 1355 809 tardus
1368 751 1528 823 compendio
1539 766 1659 822 prasus.

212 858 266 912 Nec
279 856 363 911 multo
377 855 477 921 senior,
493 865 564 906 nuum
578 850 695 920 pandens
711 848 821 917 Aspida,
838 845 974 916 quondam
1047 844 1168 914 Namque
1180 844 1213 900 ad
1226 845 1386 909 doctrinam,
1396 843 1515 899 currimus
1528 858 1607 913 qnam
1623 857 1743 910 paupere
1753 858 1843 912 versu,

179 997 182 1004 Α
210 951 345 1004 sacratum
360 947 447 1002 relata
462 954 551 1014 eaput,
567 953 609 998 tua
625 946 714 996 muna
729 940 855 1008 sumpsit,
1048 934 1087 991 Tu
1101 937 1195 991 metius
1206 935 1261 1004 jam
1277 934 1355 991 docta
1368 934 1454 1000 renis,
1470 949 1530 1004 quae
1541 934 1632 1003 junior
1642 945 1714 1001 ortu,

213 1041 337 1095 bissenos
350 1039 462 1106 iungens
476 1037 575 1089 sanctis
589 1032 717 1087 altaribus
732 1043 826 1085 annos.
1051 1027 1199 1097 lteiiiqlone
1215 1027 1297 1095 prior,
1314 1025 1419 1081 uiuendi
1431 1024 1490 1094 jura
1506 1023 1612 1081 dicasti.

212 1131 294 1197 Quam
311 1130 373 1183 ticet
386 1127 450 1181 irirrc
463 1125 543 1179 celeri
559 1124 648 1178 tnlerit
658 1136 716 1176 sors
728 1121 818 1176 ultima
834 1120 916 1183 letiro,
1049 1122 1241 1204 minorumque
1252 1132 1377 1186 sequens,
1393 1119 1549 1170 nreritorum
1562 1123 1637 1171 sorte
1649 1123 1804 1184 superstas.

211 1221 253 1276 iiii
267 1228 357 1276 tamen
371 1228 414 1274 est
428 1213 548 1272 subitum
558 1228 664 1283 semper
675 1214 790 1281 migrare
805 1209 914 1279 puratis.
1016 1205 1017 1208 ’
1049 1209 1162 1277 Quodsi
1177 1206 1374 1277 consequimur,
1388 1208 1444 1276 jam
1460 1216 1580 1261 nostrum
1596 1203 1665 1261 lurte
1680 1215 1809 1273 putetur;

214 1312 309 1382 Aspice
323 1323 393 1365 nune
407 1294 539 1372 columen,
553 1304 658 1374 gemina
669 1300 740 1373 quod
754 1298 857 1371 uirgine
870 1299 960 1370 telget,
1048 1303 1124 1371 Quod
1146 1303 1291 1372 sequimur,
1315 1312 1403 1357 tamen
1426 1301 1509 1356 bucce
1529 1309 1602 1355 tuum
1623 1309 1665 1355 est
1678 1317 1685 1352 :
1700 1299 1848 1356 conversio

214 1402 399 1470 Eximiumque
414 1398 506 1464 docus,
522 1396 598 1464 cujus
612 1405 640 1449 tu
652 1393 712 1463 iure
729 1391 875 1462 propinqua
1676 1389 1806 1463 [iratrum

213 1492 353 1548 Fuscinam
367 1488 479 1544 Fuscina
500 1486 601 1550 relers;
616 1497 665 1538 nco
679 1482 787 1552 sequutus
801 1481 885 1546 iiiam,
1050 1487 1178 1555 Exempto
1192 1484 1313 1541 debenda
1329 1484 1383 1555 pio,
1402 1495 1429 1539 te
1443 1481 1553 1552 respicit
1562 1489 1666 1547 auctor,

212 1583 277 1651 tine
289 1581 387 1651 pietate
403 1587 507 1648 poiens,
523 1584 536 1612 ⁸
553 1573 630 1629 orata
646 1573 669 1628 st
683 1581 880 1633 samsonem,
1050 1578 1236 1645 pituitasque
1251 1577 1277 1632 tu
1295 1585 1319 1631 te
1332 1575 1417 1630 sacris
1430 1574 1463 1631 de
1479 1573 1609 1629 [mentm
1622 1572 1718 1639 onere

214 1673 352 1744 siqnttteu
363 1668 496 1740 propriam
511 1673 617 1735 sumpto
630 1662 663 1719 de
678 1664 785 1718 nomine
797 1670 923 1715 mentem.
1049 1668 1145 1724 indicti
1160 1669 1206 1724 sqq
1223 1675 1315 1723 panem
1330 1666 1408 1729 fines,
1424 1676 1453 1721 qq
1466 1666 1548 1721 corde
1561 1665 1715 1736 propinquo

212 1763 293 1831 Queis
307 1763 367 1817 lieet
382 1759 522 1816 emeritum
536 1757 687 1812 cedantsua
701 1755 799 1809 saecula
809 1755 925 1818 culmen,
1013 1751 1207 1828 Bi’articipata
1222 1758 1294 1813 levet
1306 1757 1453 1812 iraternum
1464 1755 1567 1811 sarcina
1584 1755 1701 1826 pondus.

213 1853 326 1922 vitaque
339 1850 448 1906 sublimi
459 1849 563 1905 cunctis
577 1846 732 1917 prepolleat
742 1860 819 1911 aroe3
1049 1848 1088 1903 'iu
1099 1863 1235 1919 germana,
1250 1851 1322 1916 pium
1335 1859 1395 1915 quae
1409 1846 1484 1901 ducis
1494 1847 1528 1900 ab
1544 1844 1627 1901 ubere
1642 1843 1758 1907 fascem.

212 1943 266 2000 lias
277 1956 406 2008 uenerosa
421 1949 511 2017 tameo
526 1948 624 1994 matres
638 1936 659 1991 si
674 1936 755 1991 corde
769 1935 899 2005 sequaris,
1049 1941 1107 1995 Non
1120 1939 1218 2006 carnis,
1230 1939 1278 1993 sed
1291 1939 1356 2007 legis
1368 1937 1451 1992 babes
1465 1935 1571 1992 ceruice
1584 1935 1659 1991 lideii

212 2034 372 2092 Gaudebunt
386 2033 455 2088 uinci
469 2032 532 2087 dum
552 2029 669 2102 proicis,
682 2043 713 2084 ac
728 2028 775 2083 tilii
785 2043 916 2084 summam
1048 2031 1158 2086 Subdita
1172 2031 1242 2086 terre
1253 2029 1358 2099 jugum,
1375 2042 1425 2083 nec
1439 2027 1526 2083 uincla
1538 2027 1565 2082 in
1578 2028 1707 2098 conjugis
1719 2029 1779 2085 irc:

211 2123 313 2194 Sponte
327 2123 428 2179 debunt
443 2121 557 2193 palmam
572 2119 708 2191 superanti
721 2124 781 2173 nota
795 2119 937 2188 magistrae.
1049 2124 1196 2178 iiundanas
1209 2122 1299 2178 odisse
1316 2122 1383 2185 rias,
1397 2134 1554 2189 percurrere
1568 2120 1699 2185 mundas;

212 2216 275 2272 lieo
287 2217 378 2272 dicens
390 2224 498 2270 teneros
509 2222 601 2269 sancto
614 2211 801 2267 exhortamine
815 2226 909 2267 terreus
1049 2215 1125 2270 illinc
1140 2215 1305 2278 polluimus,
1320 2212 1383 2267 trine
1394 2227 1520 2281 spnrrsum
1533 2226 1657 2279 querere
1668 2211 1815 2280 Christum,

213 2306 327 2377 impulit,
341 2304 491 2360 accendens
502 2302 534 2357 ad
549 2302 706 2372 virginitatis
720 2316 849 2356 araurem.
1049 2306 1095 2362 sie
1108 2306 1191 2361 tedas
1205 2304 1358 2375 tempsisse,
1370 2305 1414 2374 pin
1428 2303 1497 2371 quod
1509 2318 1600 2359 amore
1613 2304 1718 2374 calere,

213 2398 258 2453 Sic
273 2407 358 2451 mater
370 2395 484 2451 secunda
498 2403 586 2461 utero,
599 2391 737 2449 secundior
748 2403 818 2458 netur,
1050 2397 1127 2468 Pigra
1142 2396 1269 2465 voluptati
1283 2394 1434 2452 fervescere
1449 2393 1530 2449 corda
1547 2393 1645 2459 labori,

212 2486 364 2542 iiaclrabaea
378 2493 480 2556 potens,
495 2493 523 2540 et
536 2484 618 2554 prolis
633 2484 726 2540 iuuere
740 2483 812 2548 ielis,
1050 2486 1175 2558 ignorare
1185 2487 1283 2553 virum,
1296 2486 1363 2541 letus
1378 2494 1467 2542 umen
1480 2484 1561 2541 edere
1571 2484 1653 2550 tales,

211 2579 306 2635 urunt
320 2579 450 2651 gaudens,
463 2579 553 2632 animo
568 2578 691 2633 elucente
704 2591 849 2641 senectam,
1049 2576 1121 2644 Quos
1135 2578 1220 2632 tristis
1235 2591 1368 2647 nunquam
1385 2575 1469 2646 possit
1484 2574 1532 2631 tibi
1548 2576 1643 2633 toliere
1659 2591 1750 2634 casus.

212 2667 312 2724 Educet
325 2668 456 2724 hortando
470 2668 589 2724 sobolem
604 2681 656 2723 non
671 2667 766 2722 cedere
781 2666 890 2733 muodo,
1084 2662 1141 2722 Non
1154 2669 1245 2723 orbata
1259 2681 1351 2738 pentes
1365 2666 1487 2723 fecundae
1497 2667 1608 2738 pignora
1624 2667 1700 2735 ritae,

212 2756 414 2827 inflammatque
429 2758 487 2828 pios
501 2757 533 2812 ad
547 2756 626 2812 tortia
641 2757 709 2812 iacta
725 2756 837 2812 lurores.
1047 2758 1103 2816 ileo
1116 2759 1222 2814 viduam
1236 2774 1335 2830 sponso
1348 2767 1450 2815 metues
1463 2773 1605 2829 superesse
1618 2761 1746 2830 perenni,

212 2850 281 2919 Quid
297 2860 339 2906 tua
355 2865 426 2907 nuuc
441 2860 569 2920 repetam,
584 2857 675 2904 tenmo
687 2863 748 2919 quas
763 2849 854 2903 tortior
868 2864 933 2913 reno,
1049 2852 1153 2921 Expers
1166 2854 1222 2922 ipsa
1237 2852 1298 2907 maii
1310 2869 1318 2918 ;
1329 2867 1379 2908 nec
1393 2862 1419 2908 te
1433 2851 1565 2908 sententia
1582 2860 1674 2923 tanget

212 2944 281 2997 Ante
294 2955 378 2997 anulos
392 2941 563 3011 animumque
576 2954 681 3010 gerens,
696 2953 822 3009 responsa
838 2939 953 2995 dedistii
1048 2944 1105 3011 Qua
1121 2944 1202 3013 prolis
1217 2944 1363 3014 mortisque
1376 2958 1473 3014 parens
1485 2942 1656 3012 compellitur
1676 2944 1744 3010 Eva,

212 3034 269 3088 lion
285 3033 341 3088 luec
354 3048 434 3103 parua
450 3040 521 3088 tuam
536 3033 656 3102 suscepit
670 3033 764 3102 pagiua
778 3031 894 3088 laudem.
1048 3035 1168 3092 Occisum
1185 3038 1289 3105 pariens
1303 3036 1421 3092 sobolem
1437 3035 1540 3091 vivente
1554 3044 1639 3110 reatu.

213 3121 305 3178 Exitus
316 3123 425 3192 impleto
437 3122 527 3178 venriet
536 3138 595 3178 curn
613 3131 732 3192 tempore
744 3123 839 3187 victor,
1008 3119 1032 3182 C
1047 3128 1112 3193 Quas
1123 3127 1242 3196 subjecta
1255 3128 1312 3181 viro
1326 3127 1464 3182 dominnm
1480 3141 1589 3195 passura
1603 3127 1712 3195 cubilis,

213 3215 283 3267 Laus
297 3213 394 3269 meiius
407 3215 522 3279 canitur,
534 3230 595 3270 cum
604 3215 659 3285 jani
673 3215 802 3269 clamante
816 3214 960 3284 triumpiro,
1049 3218 1136 3275 Serpit
1146 3220 1172 3271 iu
1184 3221 1301 3273 obsceno
1317 3217 1434 3273 tolerans
1448 3219 1580 3272 connubia
1595 3218 1676 3273 lecto.

214 3305 403 3360 Consurnnrata
420 3306 472 3360 tuis
484 3305 630 3361 reddentur
640 3307 746 3375 praenria
761 3305 848 3361 iactis.
1048 3309 1092 3366 Sic
1105 3310 1208 3378 captiua
1229 3309 1290 3376 tori,
1306 3323 1367 3363 cum
1382 3316 1469 3379 portet
1482 3323 1579 3363 nomen
1594 3309 1683 3376 inane,

214 3399 289 3454 Nunc
302 3401 380 3454 decet
392 3402 518 3456 attonitos
534 3410 609 3454 cauta
626 3410 651 3454 te
665 3414 730 3454 uoce
746 3413 865 3465 utonere,
1048 3399 1175 3471 eonjupts
1190 3411 1217 3455 et
1229 3416 1295 3455 vana
1311 3400 1416 3457 dicatur
1430 3401 1544 3471 imagine
1555 3415 1680 3464 consors.

214 3489 345 3546 Sollicitas
361 3501 445 3546 tecum
462 3493 552 3560 partiri
567 3507 599 3546 ac
614 3493 722 3547 volvere
736 3507 824 3558 curas,
1048 3492 1112 3550 Sola
1124 3495 1186 3564 jugo
1202 3494 1330 3563 premitur
1340 3509 1394 3550 non
1406 3507 1509 3565 aequam
1522 3492 1623 3550 ducere
1636 3503 1749 3549 sortem.

214 3583 300 3651 dique
309 3580 407 3650 jurare
421 3589 480 3634 tirus
495 3580 627 3636 hortantia
640 3582 709 3637 dicta
726 3582 841 3648 labores,
1048 3583 1153 3639 Etcum
1169 3584 1245 3655 lunga
1260 3583 1352 3640 decem
1365 3584 1475 3641 tulerint
1489 3584 1595 3639 fastidia
1610 3599 1732 3650 menses,

216 3671 282 3727 ilum
298 3680 397 3743 pugnat
409 3674 499 3727 rarius
510 3687 557 3741 per
571 3674 663 3727 crebra
681 3673 794 3742 pericula
810 3688 899 3740 casus,
1049 3674 1223 3745 Periectoqne
1238 3675 1327 3746 gravis
1343 3675 1396 3731 tetu
1408 3675 1568 3730 distenditur
1581 3674 1668 3743 etms,

216 3762 329 3818 Lubrica
342 3763 405 3818 dum
421 3763 506 3834 lraqdi
522 3765 605 3819 currit
619 3764 669 3818 snb
684 3765 790 3819 tramite
804 3764 867 3833 rita,
1049 3765 1156 3821 Semina
1172 3782 1231 3836 quae
1249 3766 1330 3836 patris
1346 3766 1459 3832 inerant,
1477 3766 1534 3821 baec
1548 3765 1666 3835 pondera
1680 3765 1760 3820 matri

216 3855 282 3910 ilum
296 3865 340 3910 tua
356 3854 473 3912 calcatus
488 3864 576 3926 captat
590 3855 697 3926 vestigia
710 3870 832 3926 serpens,
1050 3856 1174 3926 inliipunt
1184 3856 1267 3912 duros
1278 3866 1355 3913 utero
1368 3865 1490 3926 turgente
1505 3856 1624 3912 doloret.

214 3945 369 4001 Ascendens
380 3946 474 4000 dextro
484 3960 564 4015 quem
579 3952 699 4001 conterat
711 3956 808 4016 aggere
820 3946 921 4016 plania.
1048 3946 1114 4000 iiam
1130 3962 1190 4002 curn
1205 3947 1305 4002 luctato
1318 3945 1458 4003 solvuntur
1471 3945 1574 4001 viscera
1590 3954 1678 4016 partu,

215 4034 258 4090 liii
271 4051 323 4090 uon
338 4037 468 4090 intentum
482 4035 622 4105 praesentia
637 4035 735 4091 secula
748 4036 857 4104 ducunt,
1052 4036 1108 4093 lina
1124 4036 1183 4102 init,
1194 4044 1268 4093 tanto
1278 4038 1366 4092 carnis
1375 4037 1529 4093 discrimine
1542 4034 1664 4106 pendens

217 4128 273 4183 Nec
287 4143 378 4184 secura
394 4128 472 4183 datur
482 4127 587 4199 requies
600 4130 627 4183 in
643 4142 723 4184 earne
736 4127 845 4184 caduce.
1050 4126 1125 4194 Quod
1136 4127 1224 4182 coiere
1238 4126 1307 4193 duo;
1322 4141 1384 4198 spes
1396 4128 1485 4199 palpat
1499 4125 1569 4181 iorte
1581 4125 1728 4194 dolentem,

216 4219 362 4275 liertuntur
375 4235 436 4275 nam
450 4235 520 4289 sepe
531 4220 605 4286 boni,
624 4219 694 4288 perit
707 4219 801 4274 obruta
816 4219 910 4286 virtus,
1051 4218 1146 4273 Editus
1160 4219 1185 4272 in
1198 4218 1283 4274 lucem
1296 4219 1318 4272 si
1330 4219 1402 4273 sinat
1416 4217 1486 4273 iilius
1499 4233 1506 4283 ;
1521 4216 1595 4285 atqui

217 4311 347 4381 Partaque
359 4319 500 4365 transactae
513 4309 644 4365 decedunt
660 4309 767 4379 praemia
781 4308 886 4365 laudis:
1050 4308 1185 4376 Contingit
1197 4309 1353 4380 pierumque
1367 4324 1477 4383 gemens
1491 4317 1521 4362 ut
1537 4314 1642 4363 mortua
1656 4305 1763 4363 iuodat.

217 4405 256 4457 Ac
271 4403 424 4472 plerumque
439 4401 517 4467 solet,
533 4400 619 4456 subito
633 4415 762 4457 succensa
776 4401 875 4466 calore,
1051 4400 1128 4469 Saepe
1140 4401 1219 4455 etiam
1232 4401 1316 4455 soboli
1330 4415 1380 4455 nec
1393 4400 1487 4455 mortis
1501 4406 1703 4467 tempererare

217 4493 323 4560 ltrtqtda
337 4508 396 4562 quae
411 4506 495 4560 nuper
508 4491 603 4558 luenrt,
628 4507 704 4547 mens
723 4493 844 4562 linquere
861 4493 999 4560 mundum,
1016 4477 1120 4545 Dbant
1140 4490 1274 4560 geminum
1298 4491 1391 4545 matris
1410 4496 1576 4545 commortua
1606 4486 1728 4544 membre
1751 4482 1899 4558 sepu-

217 4582 303 4652 litquo
317 4582 456 4652 repentino
473 4581 633 4650 restringere
646 4581 757 4637 crimina
770 4582 855 4639 freno.
1709 4576 1806 4651 [crum.

219 4673 263 4728 Sic
276 4673 452 4728 alternantem
463 4682 627 4727 commutant
642 4673 693 4727 iata
707 4683 835 4741 rotatum,
1054 4669 1120 4724 iliud
1134 4669 1188 4739 jam
1204 4670 1287 4724 lenius
1303 4670 1407 4740 quoties
1420 4670 1574 4740 interuenit,
1590 4670 1647 4740 ipsa

218 4762 316 4833 imp'us
331 4771 359 4816 ut
371 4772 461 4832 speret
476 4764 589 4830 neniam,
601 4764 741 4834 iustusque
754 4765 871 4819 timendo
1055 4757 1090 4814 Ut
1106 4770 1194 4828 pereat
1207 4769 1262 4814 tum
1275 4761 1331 4816 sola
1346 4775 1454 4830 parens,
1468 4776 1500 4816 ac
1515 4761 1633 4829 pondere
1644 4759 1706 4816 iuso

219 4852 374 4918 Proiiciens,
390 4852 523 4907 cumulum
538 4853 641 4922 magnis
652 4851 793 4907 virtutibus
805 4854 894 4910 addat.
1056 4851 1164 4906 Emittat
1176 4867 1235 4906 oum
1249 4852 1324 4922 prole
1336 4852 1472 4907 animane
1485 4851 1556 4920 Quid
1571 4851 1640 4907 torte
1655 4850 1772 4908 loretum

218 4942 282 4998 llam
295 4942 410 4997 studium
423 4940 508 4995 sancti
524 4941 594 4995 laxet
608 4943 629 4995 si
645 4941 712 4997 inrte
727 4943 835 5009 laboris,
1055 4942 1241 5012 Nutritumqne
1255 4942 1301 4998 diu
1315 4943 1418 5012 rapitur
1431 4942 1455 4998 si
1468 4942 1562 4998 iuuere
1576 4942 1683 5012 pignus,

218 5034 347 5105 Pigraque
358 5021 501 5088 corrsuetas
515 5032 662 5088 dissolvant
676 5032 728 5087 otia
743 5048 831 5099 ouras,
1055 5033 1136 5090 Unica
1151 5033 1222 5104 quod
1235 5034 1333 5089 crebro
1345 5047 1407 5101 spes
1417 5034 1536 5103 respicit,
1549 5040 1577 5088 et
1591 5030 1662 5100 perit
1675 5043 1757 5084 omrre

218 5125 328 5179 Labitur
343 5123 369 5176 in
382 5132 503 5193 preceps
514 5120 651 5176 damnosae
665 5121 746 5191 gioria
762 5122 833 5176 ntra.
1055 5125 1130 5193 Quod
1145 5125 1195 5181 sibi
1207 5129 1343 5195 conceptis
1356 5123 1524 5194 spondebant
1534 5122 1631 5193 gaudia
1642 5120 1731 5177 uotisl

218 5215 296 5269 Stare
311 5213 400 5282 nequit
416 5211 551 5278 meritum,
566 5212 587 5266 si
604 5226 656 5266 uon
672 5211 785 5282 acquirit
796 5213 894 5279 eundo,
1055 5218 1184 5273 Omnibus
1198 5218 1240 5274 tts
1255 5217 1320 5273 iliud
1334 5216 1451 5287 pravius,
1466 5217 1489 5271 si
1505 5215 1572 5271 iorts
1585 5221 1723 5270 carentem

218 5303 323 5360 amittit
334 5303 456 5367 rectene
472 5301 608 5357 utiendum
623 5310 664 5358 est
677 5302 778 5357 virtius
793 5302 899 5373 amplis,
1055 5310 1163 5365 cereso
1178 5310 1285 5367 lavaero
1302 5319 1423 5365 renerum
1438 5323 1511 5365 murs
1525 5307 1615 5363 tavida
1631 5313 1724 5362 iratum

218 5397 253 5451 iit
265 5396 330 5451 satis
342 5403 483 5464 angustum
494 5395 637 5450 observent
648 5392 758 5464 uestigia
770 5391 876 5449 callem.
1056 5400 1194 5471 eiaertptat
1209 5401 1275 5456 dura
1289 5409 1447 5470 generatum
1461 5408 1534 5455 sorte
1548 5399 1690 5470 genennae.

219 5488 283 5544 tiam
298 5490 342 5561 qui
356 5487 478 5543 diltusam
490 5488 577 5560 spatio
589 5489 696 5545 laxante
711 5487 823 5559 plateam
1055 5493 1168 5567 Quique,
1181 5495 1318 5567 genitricis
1329 5503 1417 5552 cessat
1429 5509 1490 5552 oum
1504 5493 1573 5550 lilius
1584 5505 1656 5560 esse,

257 5678 269 5708 ¹
286 5671 461 5740 Euphrosine.
