3816 6120
131 263 185 323 ata
769 249 798 305 S.
818 246 910 304 attii
932 242 1131 304 lucanensis
1714 249 1769 320 ggg
1793 272 1798 283 .

132 379 196 436 llam
212 377 332 449 quarnris
346 375 413 431 doro
428 373 572 443 persistant
588 367 669 423 corde
683 366 809 431 rebelles,
931 361 957 419 Δ
1011 360 1063 416 Sed
1079 370 1117 426 tu,
1130 358 1238 417 christe
1251 368 1359 432 potens,
1373 359 1416 416 coi
1431 373 1539 432 semper
1549 374 1662 432 parcere
1677 375 1767 433 prorn-

132 472 159 529 Si
174 481 264 526 tamen
281 468 416 524 obstructa
431 464 570 534 quisquam
586 460 620 514 de
634 468 721 514 morte
735 456 848 522 rediret,
1044 459 1119 522 ptum
1134 461 1185 518 est,

132 561 247 617 credent
260 571 379 628 experto,
396 566 541 624 poerrasque
555 553 657 607 intrare
670 549 811 606 timebunt.
974 546 1016 601 Tu
1033 545 1130 616 figulus
1145 559 1261 602 massam
1276 545 1347 617 potis
1362 560 1391 602 es
1407 560 1532 617 reparare
1545 548 1686 617 caducam,

133 652 180 710 llie
193 651 300 722 quidem
317 663 427 716 poscens
442 645 566 702 ellectum
580 659 632 699 non
646 644 718 712 capit
731 642 830 706 ullum;
975 637 1009 691 Et
1023 637 1161 692 conlracta
1176 635 1221 691 diu
1237 637 1409 707 resolutaque
1424 637 1525 709 lingere
1540 653 1615 692 rasa.

133 743 186 798 Nos
199 749 299 804 autem,
311 739 373 794 dum
387 738 440 793 rita
454 744 554 802 manet,
567 735 631 789 dom
645 734 704 789 luce
716 735 848 799 egemus,
973 728 1026 797 Qui
1037 728 1136 784 dudum
1152 729 1236 785 multo
1250 729 1399 785 latitantem
1416 731 1525 800 pulvere
1539 731 1698 788 drachmam

133 837 201 891 illim
215 833 334 889 defuncti
349 839 480 903 perterret
493 831 602 886 nuntios
616 829 711 884 naon.
974 820 1080 878 lnrcnis
1094 821 1215 877 accensis
1229 821 1304 877 rerbi
1320 821 1418 878 uirtute
1433 823 1563 879 lucernis.

133 926 201 981 Dum
217 925 289 980 locus
303 932 344 980 est
355 922 448 988 dandi,
460 921 523 977 dum
539 936 591 977 nou
606 921 704 991 injusta
719 929 858 991 petuntur,
975 913 1151 983 linquentem
1167 912 1270 979 caulas,
1285 913 1409 985 turpique
1423 929 1517 971 errore
1531 924 1688 985 uagantem,

134 1013 187 1070 Nec
202 1014 333 1068 obauratis
348 1012 470 1082 pulsatur
481 1012 563 1082 janua
578 1012 671 1068 serris.
976 1005 1069 1062 Pastor
1080 1020 1158 1063 orem
1173 1007 1255 1062 celeri
1270 1006 1394 1077 dignatus
1409 1022 1530 1079 quaerere
1544 1023 1654 1080 gressu,

168 1104 295 1161 Novimus
311 1119 344 1160 eu
358 1103 456 1170 cuncti,
471 1104 535 1174 quid
549 1104 653 1174 primus
665 1103 798 1174 planxerit
812 1103 867 1173 ille,
975 1096 1119 1163 Subrcbis,
1133 1107 1215 1168 utque
1229 1111 1278 1152 suo
1289 1097 1410 1168 gaudeus
1425 1099 1554 1154 reddatur
1567 1097 1643 1164 ovili,

134 1197 186 1267 Qui
199 1197 289 1267 pulsus
303 1198 389 1268 prisea
404 1196 516 1252 nescirit
529 1195 595 1251 sede
609 1194 721 1252 reverti.
976 1189 1087 1246 Sareioa
1103 1189 1133 1245 lit
1147 1205 1208 1257 que
1220 1204 1284 1247 cura
1296 1189 1359 1246 luit.
1375 1189 1421 1246 Sic
1434 1189 1505 1245 illius
1519 1188 1566 1245 ille

135 1288 255 1355 Namque
268 1289 369 1343 obitum
384 1286 527 1358 quemdam
541 1301 606 1343 casa
621 1297 677 1343 turo
693 1285 801 1357 pertulit
817 1286 886 1357 ipso,
975 1284 1082 1352 iunior,
1096 1284 1242 1341 exlraustos
1256 1293 1397 1356 postquam
1411 1281 1536 1354 dispersit
1549 1295 1673 1347 aceruos,

135 1379 242 1434 Perdita
259 1394 292 1435 ne
306 1379 429 1449 precibus
442 1378 601 1450 lpcrymisre
616 1379 756 1436 reduceret
770 1377 845 1435 ullis.
978 1378 1092 1449 llitaqoe
1106 1387 1268 1448 consumpto
1281 1384 1382 1433 mutata
1396 1383 1438 1432 est
1452 1374 1562 1445 prodiga
1575 1386 1671 1439 censu,

136 1471 174 1525 Er
190 1479 253 1526 tunc
268 1471 394 1540 paulatim
408 1450 480 1526 retio
494 1471 617 1541 sublapsa
632 1470 726 1528 referri
977 1469 1074 1538 Turpia
1091 1483 1234 1540 porcorum
1247 1467 1328 1538 digne
1343 1468 1466 1523 conriria
1480 1474 1599 1533 sectans,

137 1562 195 1618 llita
212 1563 293 1633 prior.
307 1565 442 1633 coepitque
456 1564 533 1618 malis
548 1563 635 1619 laxata
652 1573 780 1634 potestas.
975 1563 1083 1633 Optauit
1096 1563 1199 1633 siliquis
1212 1561 1341 1632 compleri
1354 1560 1455 1616 vilibus
1470 1559 1573 1622 aluum,

137 1653 203 1708 Trrnr
217 1654 306 1709 trist-rs
320 1655 416 1720 morbi,
431 1664 459 1710 et
471 1656 537 1710 rarii
553 1656 660 1711 Sililii'l'e
673 1657 791 1724 dolore-3
977 1647 1072 1711 ilonec
1085 1668 1156 1711 sacra
1171 1652 1256 1710 lantes
1271 1652 1351 1723 longo
1366 1651 1519 1708 discrimine
1533 1650 1642 1704 rictum·

137 1744 172 1800 lit
184 1755 308 1815 corrupta
323 1744 388 1800 satis
401 1745 457 1801 dira
474 1746 635 1816 pinguedine
650 1749 727 1804 telios
941 1729 1092 1817 Beognet
1103 1745 1206 1801 offenso
1221 1743 1330 1800 tandem
1344 1758 1374 1799 sc
1388 1741 1503 1798 reddere
1516 1741 1598 1811 patri,

136 1837 239 1893 Letlcrli
255 1837 375 1908 quaedam
390 1837 498 1892 siriiudit
513 1840 633 1907 germina
649 1853 740 1895 succo.
977 1839 1190 1909 confessumque
1205 1853 1283 1894 reum
1297 1838 1387 1893 laxato
1401 1837 1515 1892 crimine
1528 1835 1598 1890 solvi

137 1928 201 1985 inde
215 1940 302 1984 truces
315 1929 410 1985 scrire
424 1928 500 1996 iera,
512 1926 665 2001 dudumque
682 1932 808 1986 timentes
978 1931 1098 2001 lienique
1112 1937 1274 1999 prostratum
1288 1929 1360 1984 mitis
1375 1935 1450 1998 pater
1463 1927 1560 1982 alterat
1573 1925 1659 1991 ultro,

136 2020 242 2076 Excitat
255 2019 288 2074 ad
305 2034 418 2091 pugnam
434 2029 491 2074 tum
505 2020 620 2089 primum
636 2024 742 2077 conscia
758 2024 852 2090 uirtus,
978 2025 1012 2080 Et
1026 2024 1160 2097 trepidum
1175 2023 1273 2079 blanda
1286 2022 1389 2078 solatur
1402 2036 1469 2077 uoce
1484 2020 1627 2091 pudorem.

136 2109 231 2165 Reddit
248 2118 275 2165 et
288 2123 405 2166 armatas
418 2113 524 2181 unguis,
535 2111 614 2181 dens,
627 2114 735 2181 ungula,
749 2129 843 2168 cornu.
977 2113 1094 2169 Ornatus
1109 2113 1202 2170 reduci
1215 2112 1298 2168 restis
1310 2112 1357 2167 dat
1372 2112 1456 2179 prima
1473 2111 1620 2176 secundos,

136 2200 194 2272 lpsa
207 2203 287 2258 etiam
303 2202 375 2272 leges
389 2211 519 2273 ruperunt
533 2209 596 2259 tnnc
609 2204 754 2272 clementa,
978 2205 1103 2275 Laetaque
1117 2204 1247 2261 solemnis
1261 2202 1381 2258 celebrat
1393 2201 1516 2257 conuicia
1529 2212 1629 2267 cretus,

139 2293 170 2348 br
183 2293 284 2348 riolare
299 2293 377 2348 tidem
393 2293 550 2348 mortalibus
563 2295 652 2349 omnia
667 2304 783 2351 certant.
977 2294 1053 2363 Quod
1069 2294 1188 2352 rediuiua
1200 2293 1257 2349 suis
1268 2292 1384 2364 quodam
1399 2292 1432 2348 de
1447 2291 1543 2348 iuncre
1556 2291 1647 2362 proles

136 2384 245 2440 indatur
259 2387 347 2442 uentis
362 2387 482 2455 pelagus,
496 2386 639 2441 volveretur
652 2395 679 2442 et
692 2388 782 2458 unda,
979 2388 1088 2457 Surget,
1100 2395 1128 2442 ct
1140 2386 1236 2441 orbato
1249 2383 1362 2441 redeant
1377 2399 1445 2438 nora
1459 2383 1558 2438 lumina
1577 2383 1660 2451 patri.

137 2477 300 2546 Excitosque
315 2492 411 2531 urorum
425 2479 554 2547 turgescit
569 2488 665 2547 pronius
680 2481 706 2533 in
721 2488 826 2535 aestum.
977 2482 1012 2536 nt
1029 2491 1068 2547 tu,
1083 2479 1242 2551 praepollens
1257 2478 1394 2534 bominum
1409 2493 1555 2548 rerumque
1569 2475 1694 2540 Creator.

137 2568 212 2622 lianc
227 2567 340 2642 primum
356 2568 433 2623 rectis
447 2577 513 2623 tetra
528 2569 642 2639 caligine
652 2571 739 2638 ecelis,
977 2575 1133 2646 Quanquam
1147 2581 1243 2631 concta
1254 2574 1321 2630 reiis
1335 2572 1396 2629 lida·
1409 2582 1536 2629 constare
1550 2571 1644 2641 saluti,

137 2657 256 2727 ingratos
270 2657 405 2713 bominum
420 2659 581 2731 castigatura
595 2661 711 2728 labores,
976 2663 1051 2719 Nullo
1067 2672 1156 2721 tamen
1173 2665 1272 2735 pateris
1287 2671 1385 2720 nostrae
1400 2662 1540 2733 dispendia
1558 2661 1667 2728 mortis,

138 2747 304 2804 Grandineos
317 2750 419 2820 paridis
431 2750 556 2806 ioderuot
571 2751 661 2808 nubila
677 2755 795 2823 nimbos,
976 2755 1032 2810 Nec
1044 2771 1177 2826 quoquam
1191 2764 1322 2826 pereunte
1337 2754 1389 2810 tuis
1403 2754 1560 2825 contingere
1574 2753 1706 2810 damnum

137 2842 224 2912 daque
239 2843 317 2912 polus
329 2841 431 2898 discors
447 2842 542 2898 inridit
555 2845 674 2914 germina
689 2851 783 2904 terris.
978 2847 1082 2902 llicitiis
1095 2847 1206 2917 poterit;
1223 2846 1312 2903 nescis
1326 2844 1496 2909 decrescere,
1511 2846 1601 2900 nescis

138 2934 207 3001 Quin
223 2935 305 3005 magis
320 2934 377 3004 ipsa
392 2933 442 2989 sibi
458 2933 537 2990 tellus
550 2935 662 2991 adversa
678 2937 794 3006 negauit,
978 2939 1089 3007 lutgeri,
1102 2946 1129 2992 et
1143 2937 1222 3006 pleno
1237 2943 1339 3005 perstat
1355 2935 1401 2991 tibi
1415 2934 1499 3007 gloria
1515 2948 1609 3004 regno.

138 3026 255 3084 Semitris
267 3027 370 3098 excepti
384 3035 492 3083 uertens
504 3028 614 3082 urentita
628 3031 755 3085 nitorem.
976 3029 1027 3083 Sed
1044 3027 1148 3082 famulis
1163 3035 1191 3081 tu
1206 3025 1288 3082 redde
1301 3027 1354 3081 tuis
1367 3024 1438 3096 quod
1454 3024 1572 3096 perdidit
1587 3024 1693 3090 ddam3

173 3119 237 3174 llaec
248 3119 346 3189 gemini
360 3119 475 3188 primum
489 3132 631 3174 senserunt
647 3128 709 3176 luoc
726 3122 893 3191 protoplasti.
938 3085 961 3147 C
977 3120 1106 3189 Quodque
1121 3117 1179 3173 tulit
1195 3118 1309 3187 primurn
1324 3116 1422 3172 vitiatae
1436 3116 1531 3186 stirpis
1546 3116 1635 3188 origo,

138 3211 283 3267 Posteritas
298 3225 359 3265 nam
374 3219 472 3280 quanta
488 3209 708 3279 ierat-dispendia
722 3228 825 3279 rerum,
976 3209 1043 3265 Ortu
1059 3210 1182 3264 restituat
1197 3209 1292 3264 melior
1305 3208 1360 3278 jam
1374 3208 1428 3263 rita
1444 3207 1575 3265 secundo.

138 3303 207 3370 Non,
219 3301 262 3357 cui
276 3302 317 3358 vel
332 3309 439 3357 eentum
454 3301 562 3371 linguae,
574 3302 616 3356 rel
631 3303 716 3357 terrea
731 3320 780 3359 verr
797 3320 818 3359 e.
829 3312 850 3373 ι,
976 3300 1116 3356 Sorduerit
1131 3299 1240 3354 nimium
1254 3299 1345 3355 lacero
1358 3296 1521 3355 circumdata
1538 3297 1618 3369 peplo

139 3395 301 3449 Enunrurarc
315 3403 409 3464 queat;
426 3406 475 3448 nec
489 3395 601 3462 siquem
617 3392 722 3446 llardno
738 3396 820 3458 misit.
943 3444 949 3451 ,
980 3392 1076 3446 Forma
1091 3400 1176 3467 setus,
1191 3390 1300 3446 scissam
1317 3406 1420 3461 ponens
1435 3403 1494 3445 cum
1509 3388 1623 3446 crimine
1636 3396 1752 3454 uestem.

139 3485 300 3540 llaeoniusre
312 3495 409 3539 corrant
420 3483 526 3540 diuersa
540 3498 608 3538 roco
622 3493 718 3552 poetas.
978 3483 1060 3538 Pallia
1076 3483 1161 3552 prima
1178 3492 1255 3553 pater
1269 3482 1392 3538 redeunti
1410 3482 1517 3553 porrige
1527 3482 1610 3553 proli.

139 3580 203 3642 Qrtis
219 3576 286 3631 tales
302 3575 399 3631 reierat
412 3580 519 3633 mutuet
534 3579 593 3647 quis
606 3577 721 3648 deniqne
735 3577 814 3634 iando
980 3576 1147 3634 seminecem
1160 3576 1294 3647 quondam
1311 3576 1441 3632 miserans
1454 3575 1498 3646 qui
1513 3574 1582 3631 iorte
1597 3585 1735 3644 repertum

140 3667 251 3721 Erolrat
265 3673 336 3721 totos
349 3665 395 3737 qui
408 3667 519 3722 uoluunt
533 3670 629 3723 saecula
646 3669 764 3723 ductus?
980 3668 1185 3737 Proiectomque
1198 3667 1250 3733 via,
1264 3681 1344 3737 quern
1361 3667 1425 3723 sacri
1441 3670 1514 3724 caue
1532 3667 1652 3723 latrones

139 3762 221 3812 Arma
235 3756 362 3823 iremunt,
375 3758 470 3813 crebra
482 3758 599 3828 quatitur
613 3760 755 3817 iornridinc
768 3761 893 3830 nrrrndus,
980 3757 1114 3829 impositis
1128 3767 1224 3814 cuncto
1237 3759 1382 3828 spatiiatsni
1397 3759 1514 3830 tegmine
1527 3758 1624 3828 plagis.

139 3850 272 3905 Funditur
285 3849 400 3920 irriguus
414 3852 533 3920 sanguis,
547 3853 685 3923 majorque
698 3853 796 3910 sititur.
980 3849 1033 3906 Sed
1047 3858 1084 3914 tu,
1102 3858 1206 3915 sancte,
1217 3851 1287 3904 viam
1300 3858 1407 3918 sumpto
1421 3852 1483 3905 dum
1496 3865 1613 3919 corpore
1627 3851 1733 3915 curris;

139 3943 208 4011 erid
221 3942 307 3997 dicam
324 3941 410 3997 celsas
425 3942 560 4012 preclaris
574 3945 689 4001 caetibus
701 3946 782 4002 orbes
980 3940 1086 3997 invene
1100 3940 1217 4006 allisum,
1230 3954 1280 3995 nec
1295 3943 1437 4010 praeteris:
1453 3938 1564 4010 iusuper
1580 3958 1683 4012 aegrum

140 4031 168 4088 in
183 4033 287 4088 deserta
300 4031 380 4086 darii
394 4033 506 4103 populos
522 4035 667 4104 populante
682 4037 759 4090 ruina
979 4031 1107 4086 iumento
1121 4033 1209 4086 carnis
1224 4031 1339 4102 propriu
1355 4035 1405 4088 snb
1421 4040 1488 4088 tecta
1503 4045 1637 4102 reportas.

139 4124 271 4194 inspergi,
285 4134 312 4179 et
327 4124 443 4181 lacerum
456 4126 562 4180 recitari
577 4127 697 4196 partibus
711 4127 825 4182 urbemi
980 4125 1034 4179 Nos
1047 4123 1145 4179 luiruus
1159 4122 1293 4194 quondam
1308 4123 1404 4179 rabido
1417 4124 1478 4179 data
1494 4123 1584 4196 praeda
1602 4125 1707 4192 irrroria

52 4288 55 4292 Ι
138 4215 254 4272 Servitio
266 4215 343 4271 subdi
358 4215 492 4282 dominos,
507 4217 674 4289 famulosque
687 4219 803 4276 vicissim
980 4215 1031 4273 Sed
1047 4217 1069 4270 si
1084 4231 1155 4271 nune
1169 4216 1273 4271 medico
1288 4224 1429 4287 percurrat
1443 4218 1554 4273 uulnera
1571 4218 1627 4274 iotu

138 4292 260 4361 Prelerri
274 4304 399 4371 dominis,
413 4315 441 4362 et
454 4306 517 4363 belli
531 4318 605 4363 sorte
620 4313 720 4379 perire.
979 4306 1069 4362 Gratia
1086 4307 1236 4377 producens
1249 4307 1350 4374 oleum,
1363 4307 1494 4378 sapientia
1508 4309 1613 4377 virtum,

139 4395 205 4452 Sors
219 4398 324 4464 generis
339 4397 412 4451 claro
423 4400 558 4467 qnondam
572 4413 639 4469 qnos
654 4400 784 4469 sanguine
798 4400 891 4455 misit?
980 4399 1156 4454 Commendet
1170 4399 1276 4456 stabulo
1290 4398 1459 4456 Santariridis
1474 4415 1567 4457 extera
1583 4416 1661 4469 cura,

138 4487 174 4542 nt
186 4487 209 4541 si
222 4487 291 4542 iorte
305 4487 378 4544 breui
391 4491 564 4559 requiescant
579 4502 701 4561 tempore
715 4491 794 4559 betto,
937 4457 965 4517 D
981 4490 1101 4547 Pelletur
1115 4493 1219 4549 validus
1233 4492 1366 4549 medicato
1378 4508 1492 4564 corpore
1507 4495 1630 4566 languor.

138 4577 253 4648 Legibus
266 4588 382 4634 armatas
398 4578 486 4634 iurere
500 4579 527 4634 in
540 4583 688 4636 certamina
705 4582 776 4648 lites,
983 4585 1107 4655 suscipe,
1121 4587 1165 4655 qui
1180 4600 1233 4641 non
1247 4585 1286 4641 ris
1301 4586 1433 4643 moriendi
1449 4602 1574 4644 crescere
1586 4602 1693 4655 causas,

137 4666 185 4722 los
198 4677 297 4736 anceps
312 4681 429 4736 pugnare
443 4664 512 4736 loro,
523 4684 576 4739 quo
587 4670 674 4740 iurgia
690 4671 801 4726 iratrum
979 4674 1052 4742 eros
1067 4675 1191 4733 confessa
1205 4678 1252 4734 tibi
1264 4679 1381 4749 gemitus
1396 4680 1439 4750 pin
1456 4689 1564 4751 pectora
1578 4679 1703 4736 fundunt.

136 4759 195 4814 Non
210 4760 294 4815 leuius
307 4761 375 4816 rotis
390 4760 499 4828 feriunt,
511 4777 590 4832 quam
608 4765 698 4832 praelia
715 4765 797 4821 telisi
982 4768 1017 4821 ur
1031 4765 1165 4837 quondam
1181 4777 1280 4834 tecum,
1295 4784 1381 4840 passae
1398 4769 1448 4825 sub
1464 4780 1585 4842 tempore
1600 4774 1700 4838 carnis,

136 4850 189 4907 Sed
204 4851 263 4920 quis
276 4861 336 4906 rota
352 4861 436 4917 notet,
447 4854 565 4909 clament
578 4868 638 4909 cum
654 4856 721 4912 iacta
738 4861 902 4915 nocentum?
979 4857 1122 4913 Proximus
1137 4860 1246 4915 immani
1259 4861 1416 4931 dependens
1429 4863 1519 4933 stipite
1535 4864 1644 4933 praedo,

137 4940 203 5006 Quis
216 4939 324 4996 iraudes
337 4941 364 4996 el
377 4940 446 4995 iurta
459 4951 549 5011 gemat
561 4946 696 5015 gaudente
709 4947 824 5018 rapina?
981 4954 1065 5020 Quem
1081 4967 1135 5008 noo
1149 4954 1226 5024 culpa
1242 4955 1288 5008 tibi
1303 4955 1417 5012 similem
1432 4956 1479 5011 sed
1496 4972 1574 5026 poena
1591 4957 1714 5023 tenebat;

138 5032 235 5099 Quisve
248 5032 350 5087 minora
366 5032 449 5088 boati
464 5035 559 5105 stringi
574 5051 625 5093 nec
639 5040 754 5096 rnaxima
768 5052 890 5111 possunt.
980 5043 1028 5100 lite
1043 5055 1130 5100 tanuen
1147 5047 1382 5112 commembris,
1399 5065 1447 5105 nec
1461 5049 1543 5105 corde
1558 5049 1651 5120 ligato.

138 5123 202 5178 lude
216 5125 319 5179 minora
334 5132 432 5192 tamen,
447 5126 470 5181 si
484 5130 598 5185 summis
609 5131 701 5201 juncta
718 5145 863 5191 notentur:
981 5135 1014 5190 Et
1028 5137 1050 5190 si
1065 5137 1184 5192 conlixas
1197 5138 1279 5193 claris
1293 5140 1438 5195 exterdere
1454 5141 1557 5211 palmas

138 5213 203 5269 llam
218 5230 266 5286 per
278 5231 308 5273 se
320 5217 422 5272 nullum
435 5216 539 5278 lacinus
553 5222 602 5277 sub
615 5222 707 5293 judice
721 5240 832 5294 parrum
847 5237 897 5286 esc
980 5228 1038 5283 Non
1054 5229 1150 5298 potuit,
1165 5230 1231 5284 tiber
1248 5240 1365 5286 ruentem
1381 5245 1444 5286 cum
1458 5246 1524 5287 uoce
1539 5232 1665 5288 retendit.

138 5305 193 5362 Nec
206 5306 289 5363 relert
299 5316 409 5365 cunctas
420 5312 540 5380 percurri
553 5313 674 5370 carmine
688 5330 795 5373 causas.
979 5321 1077 5390 Sicque
1092 5337 1153 5377 reus
1168 5323 1301 5379 scelerum
1317 5323 1379 5378 dum
1395 5323 1473 5394 digna
1490 5324 1594 5394 piacola
1610 5325 1716 5395 pendit,

137 5401 194 5456 lloc
210 5414 291 5470 paruo
303 5414 427 5459 sermone
440 5403 549 5474 loquar:
565 5415 624 5475 post
635 5408 733 5464 damna
747 5412 866 5480 priorurn
980 5413 1136 5484 Martyrium
1151 5414 1184 5470 de
1199 5423 1285 5470 rnorte
1300 5416 1387 5485 rapit:
1404 5416 1446 5472 cui
1462 5415 1515 5471 ine
1528 5419 1619 5487 sagaci

139 5493 178 5550 tiit
191 5508 331 5564 superesse
344 5496 417 5559 mali,
429 5495 500 5566 quod
516 5513 568 5552 nou
582 5499 624 5554 rel
639 5509 773 5571 perpetret
789 5505 875 5574 orbis,
980 5505 1095 5559 blaxinra
1111 5521 1176 5562 cora
1191 5506 1240 5561 luit
1255 5508 1321 5562 tales
1336 5522 1389 5561 non
1403 5507 1517 5578 perdere
1531 5523 1638 5579 ponas,

138 5584 185 5639 l’el
201 5589 306 5651 toleret,
322 5584 415 5654 plenus
427 5585 570 5654 scelerum,
584 5590 737 5662 pariterque
750 5593 887 5664 laborum,
980 5595 1120 5666 Praeciptrit
1134 5599 1266 5654 scandens
1278 5598 1391 5665 aditum,
1405 5600 1493 5670 coeloq
1504 5615 1528 5655 re
1543 5600 1676 5659 levandus

141 5671 170 5730 tn
182 5690 243 5732 casu
257 5678 400 5736 discrimen
416 5677 528 5749 babens,
541 5689 568 5737 et
580 5681 681 5740 crimen
696 5683 724 5741 iu
738 5693 810 5742 actu.
963 5687 1069 5747 ·brdua
1084 5687 1190 5747 sublini
1205 5694 1291 5749 tenuit
1303 5690 1461 5763 compendia
1476 5690 1557 5749 salta.
