3816 6120
131 215 181 273 954

220 333 337 403 Tererit,
350 345 374 392 et
390 351 483 409 presso
498 339 592 395 taciem
604 340 698 397 velarit
709 340 823 397 amictui

220 424 255 481 At
268 441 317 482 nos
331 429 437 486 detecto
449 429 584 486 christum
598 432 729 489 velamine
741 447 832 489 eoram

133 515 185 574 555
221 519 371 588 walmes,
407 532 486 593 atque
525 524 607 581 ileum
643 526 716 581 rultu
752 524 922 595 speculamur

760 617 886 689 [apertat

222 701 277 758 lieo
291 705 341 759 sub
355 707 413 776 lege
426 709 500 778 grari
514 707 640 777 depressa
660 708 747 766 leonte
758 709 880 779 iacemus
895 725 902 764 t

225 793 277 850 Sed
292 795 359 866 legis
374 796 479 851 radium
492 799 597 854 sublimi
613 800 781 869 agnoscimus
792 814 850 855 ore.

225 885 282 941 ileu
299 887 423 944 irondosa
439 890 512 959 prius
525 890 607 945 ramis
621 890 742 947 laticibus
755 892 846 956 arbos,

226 976 371 1047 Pinguibus
387 979 438 1035 iren
451 982 584 1048 quondam
598 983 671 1037 radix
685 983 805 1052 oleagina
818 984 920 1039 baccisi

138 1063 190 1122 544
227 1065 295 1121 Ecce
311 1068 355 1121 tibi
371 1068 473 1125 inserto
488 1071 626 1126 revirescit
640 1087 709 1127 44444
723 1074 838 1128 oleastro

222 1155 305 1229 ffllg
318 1158 448 1224 Truncus,
464 1170 490 1215 ct
504 1163 607 1216 externi
621 1162 731 1218 vestitur
741 1164 841 1218 cortice
851 1162 920 1218 libri.

224 1250 282 1304 iam
297 1253 425 1306 miserere
439 1253 486 1318 tui,
504 1269 555 1309 non
571 1268 601 1309 se
615 1255 748 1310 silvestris
761 1255 822 1309 olivi

225 1342 353 1397 Surculus
366 1344 502 1399 exsultans
517 1345 605 1400 alieno
614 1346 704 1414 stipite
715 1345 814 1415 jactat:

226 1432 277 1488 Sed
292 1443 392 1500 monet,
414 1444 442 1488 ut
456 1436 561 1503 generis
573 1436 672 1505 propr-ii
693 1451 796 1491 memor
806 1436 923 1504 unguine

772 1526 887 1599 [amaro

137 1612 188 1667 545
224 1611 391 1670 contristare
405 1631 496 1672 eomas
508 1617 662 1682 desuescas,
678 1617 761 1682 stirne
774 1632 823 1672 nee
837 1616 891 1672 imo

227 1707 346 1763 inridens
360 1711 448 1766 missis
463 1710 489 1763 in
500 1710 572 1765 celsa
585 1710 723 1765 cacumina
738 1711 829 1779 uirgis.

226 1796 397 1865 lllnspitemas
407 1786 558 1866 Dominum,
569 1815 634 1870 gens
645 1799 834 1870 ingratissima,
846 1799 922 1855 cliri-

780 1894 885 1964 istum.

661 224 801 282 lunelli
822 224 1002 282 ruuoenrtl
1022 226 1185 283 clultlllt.

1708 233 1757 288 ets

1055 341 1642 414 Pascitatuum,dle,dir„cu1usdesanguine
1662 345 1757 401 testum

1060 433 1125 490 'iam
1144 434 1264 490 solemne
1282 436 1329 490 tibi
1351 437 1410 490 esti
1432 438 1493 507 quis
1518 437 1627 493 taudem
1648 437 1760 492 emolitur

1697 549 1713 585 lt

972 618 1025 675 550
1060 619 1227 675 Anniculusi
1237 633 1314 674 sacer
1326 620 1373 674 iiie
1386 620 1434 676 tibi
1449 529 1631 677 redeuntibusI
1640 546 1738 677 :5:151

1059 709 1112 766 Sed
1141 724 1218 765 sacer
1232 708 1260 764 in
1274 708 1393 778 pecude,
1408 710 1521 765 stultum
1533 720 1576 772 est
1595 712 1634 766 sic
1650 712 1760 769 credere

1592 800 1726 872 [sacrum

1061 889 1196 959 Sanguine
1206 889 1321 946 balantis
1332 906 1451 947 summos
1468 893 1626 963 contingere
1642 907 1742 961 postes,

1061 980 1195 1038 Lascirire
1207 981 1306 1046 eiroris,
1323 983 1481 1053 similaginis
1495 1001 1610 1055 azymon
1635 1001 1708 1049 esse.

1062 1070 1142 1144 Ig35
1155 1071 1221 1127 cnm
1235 1072 1384 1128 iermeotati
1403 1081 1556 1143 turgescant
1570 1075 1687 1131 crimine
1705 1093 1761 1132 mo·

974 1251 1026 1309 555
1061 1251 1119 1308 4544
1145 1253 1228 1323 sapis,
1254 1253 1420 1322 imprudens,
1446 1263 1567 1310 nostrum
1592 1265 1618 1312 te
1639 1166 1763 1327 elmere

1602 1345 1731 1418 [pascitai

1065 1435 1140 1503 Legis
1154 1445 1181 1490 et
1194 1435 1309 1500 antinno
1323 1435 1466 1501 praeductis
1480 1436 1591 1507 pingere
1606 1437 1690 1492 sulcis

1062 1527 1148 1582 Omne
1187 1536 1402 1593 sacramentum,
1441 1528 1539 1585 retinet
1567 1530 1640 1599 guod
1677 1532 1764 1599 passio

1060 1707 1172 1776 Passio,
1187 1720 1247 1778 44444
1261 1716 1381 1762 nostram
1401 1707 1523 1766 deicudit
1545 1637 1764 1783 4443448544-

1061 1888 1275 1961 corporeamque
1288 1891 1394 1946 domum
1409 1891 1515 1961 signato
1528 1892 1635 1950 collinit
1648 1805 1732 1952 3¹:2⁰³.

796 1999 938 2057 GLOSSAE
958 1999 1129 2056 veturus

171 2091 233 2145 555.
250 2091 358 2153 i'eiorit,
374 2109 404 2147 ne
419 2095 511 2149 rideret
527 2095 622 2150 Christi
633 2111 739 2160 arcana,
755 2094 775 2151 l.

171 2160 235 2212 554.
249 2161 353 2228 coram,
371 2166 511 2234 inanitatis,
529 2167 547 2221 Ι.

173 2231 234 2283 557.
251 2231 375 2294 Subiiuri,
392 2246 482 2293 eremo.
502 2238 519 2289 Ι.
726 2273 740 2299 ,

141 2301 235 2422 imi
252 2301 408 2367 Frondosn,
435 2309 573 2374 fructuosa.
599 2338 633 2348 -
655 2307 804 2375 Felieibus,
832 2305 924 2375 fertili·

158 2386 203 2430 us,
227 2416 229 2420 .
241 2412 247 2423 .

174 2440 236 2493 559.
251 2440 388 2512 Olergina,
406 2445 436 2496 ab
451 2444 516 2500 oica.
528 2478 563 2489 ·-
576 2448 679 2512 Buccis,
694 2447 759 2513 trois,
776 2448 796 2501 l.

1011 2092 1074 2148 545.
1089 2089 1262 2157 contristare,
1278 2109 1441 2150 amarescere.
1453 2097 1611 2165 -comas,
1624 2115 1719 2153 rarnaa.
1733 2127 1766 2141 -

980 2164 1045 2226 imo,
1058 2164 1146 2230 pertiti
1160 2165 1263 2231 populo,
1278 2165 1297 2217 l.

1012 2233 1073 2289 555.
1088 2232 1260 2301 Simiiaginis,
1273 2233 1373 2303 farinae,
1385 2234 1486 2300 similae,
1499 2236 1565 2292 tlar.
1575 2265 1612 2278 -
1622 2237 1767 2307 Lascirire,

977 2304 1108 2358 lasciuiam
1125 2304 1206 2372 [acere
1220 2303 1247 2354 itt
1261 2303 1314 2357 suit
1327 2305 1491 2359 carminibus.
1509 2336 1545 2347 -
1558 2307 1667 2371 Cilonis,
1686 2310 1766 2361 canti

978 2374 1154 2434 buc-Esse,
1165 2373 1251 2436 cdere,
1267 2375 1432 2440 manducare,
1441 2379 1589 2440 comedisse,
1603 2377 1704 2445 abedo,
1717 2379 1767 2435 iso.

1012 2443 1074 2498 554.
1092 2440 1383 2511 lornenrntpntpn,
1397 2448 1521 2513 corrupti,
1536 2448 1586 2502 iso.

174 2510 237 2563 540,
254 2512 323 2576 Tibi,
340 2516 365 2566 in
381 2524 412 2568 to.
428 2544 462 2554 -
475 2516 586 2582 irrscrto,
603 2518 695 2583 irtdt'to,
710 2517 729 2570 Ι.

174 2581 235 2635 544.
251 2579 366 2647 Cortice,
381 2584 516 2649 viriditate,
534 2587 553 2640 l.
734 2657 739 2669 ἱ
1012 2583 1075 2638 556·
1092 2581 1248 2662 Ρῐιῖζάυῧῑῑῧρ
1265 2582 1443 2705 R'oescumffi·
1454 2615 1489 2624 ··
1501 2585 1627 2656 Pingere,
1644 2587 1764 2658 P'aefitss·

175 2649 237 2702 545.
252 2652 390 2715 Surcrrlrrs,
404 2671 501 2708 rantes.
518 2685 551 2695 -
563 2655 659 2717 iactat,
674 2656 809 2726 gloriatur,
822 2655 842 2709 l.
978 2652 1179 2715 talc-Silicis,
1191 2661 1303 2721 8444444444
1333 2690 1339 2704 ·

175 2718 237 2772 544.
254 2720 425 2787 iiionct,r'are
437 2724 565 2793 surculus,
584 2727 923 2796 -Urrguine,uugrcnto,
1012 2723 1073 2778 557.
1088 2721 1165 2783 Vera,
1178 2736 1236 2789 aure
1250 2731 1395 2787 potestatem
1406 2723 1499 2779 diaboii
1510 2725 1650 2794 destruxit,
1664 2727 1686 2781 l.
1751 2731 1754 2737 ’

140 2786 206 2854 olco,
223 2788 259 2842 uei
270 2808 355 2860 rucco,
368 2793 396 2846 t'd
409 2804 445 2848 ert
459 2810 552 2863 errare,
569 2795 588 2850 l.
1014 2792 1076 2847 559.
1091 2789 1208 2854 Callian,
1224 2789 1291 2855 iitrt't,
1307 2791 1327 2844 l.

813 2882 1091 2942 coulllilllltltltls.

1012 2512 1075 2568 555.
1092 2511 1257 2580 imprudens,
1272 2512 1400 2576 oiudaea,
1418 2516 1437 2567 Ι.

177 2971 239 3025 555.
256 2973 303 3028 544
319 2974 441 3044 intelligit
454 2976 549 3031 oculos
570 2977 677 3040 mentis,
700 2985 728 3032 et
749 2978 870 3034 velamen
885 2996 929 3032 su·
981 2978 1090 3031 stultum
1102 2985 1139 3030 ert
1150 2976 1187 3032 tic
1198 2975 1299 3030 medem
1310 2976 1439 3032 cirrirtum
1450 2992 1498 3046 pro
1512 2993 1637 3044 ramum·
1651 2995 1705 3034 non
1718 2981 1769 3049 pia-

144 3054 192 3108 per
205 3057 252 3096 eor
266 3045 392 3111 positum,
410 3047 451 3101 vai
466 3056 555 3101 narrat
569 3047 593 3101 id
610 3046 682 3115 quod
699 3050 872 3116 probabiliter
885 3064 929 3103 ae·
982 3055 1034 3102 eet.
1049 3046 1075 3100 in
1089 3045 1166 3101 Alex.
1181 3056 1223 3101 est
1234 3046 1417 3116 interrogatio,
1429 3049 1482 3102 Sed
1495 3064 1569 3103 aseer
1580 3048 1608 3102 ira
1619 3053 1735 3117 pecude?

140 3112 221 3174 cidit,
238 3125 266 3167 nt
281 3116 412 3181 perterriti
428 3125 455 3172 et
473 3128 545 3172 metu
558 3120 673 3187 conl'usi,
690 3117 783 3173 iaeient
798 3119 849 3189 ipsi
861 3134 928 3187 4444-
1017 3114 1080 3171 555.
1097 3117 1188 3180 Febr„
1200 3117 1301 3182 inepte,
1316 3116 1444 3171 Lareluire
1457 3119 1522 3170 caria
1534 3119 1702 3189 similaginis,
1716 3139 1769 3190 arg

141 3197 193 3252 goe
215 3182 298 3238 iudaei
313 3186 435 3242 velarint.
980 3203 1039 3240 mort
1056 3201 1120 3239 oste.
1136 3186 1274 3241 Aioriettus
1287 3187 1335 3252 ait,
1351 3187 1497 3242 Germanos
1515 3187 1713 3257 adlruepanern
1733 3193 1768 3247 ai·

175 3252 239 3308 554.
265 3254 336 3319 ald..
360 3257 428 3325 Gis,
453 3258 522 3325 Pal.,
548 3261 652 3329 rejecto.
680 3257 768 3322 siclt..
781 3257 878 3314 Weitz.
900 3269 927 3314 et
942 3279 966 3341 c
981 3256 1044 3312 burn
1055 3270 1152 3309 vocare
1165 3256 1264 3310 remeia
1279 3257 1440 3324 similagine.
1454 3255 1657 3314 citaroillardus
1667 3271 1767 3325 censet,

142 3323 237 3385 nostri,
251 3325 364 3393 detecto,·
379 3326 533 3382 lieitrsiusiu
550 3335 641 3390 reiecto
655 3328 928 3384 ciselininiitilnnim·
980 3328 1050 3382 maie
1070 3325 1243 3380 Prudentium
1259 3326 1416 3382 vocabulum
1438 3327 1595 3396 similaginis
1612 3329 1766 3387 adhibuisse

141 3395 926 3467 44444444,44444444444444444444544444414441444448.
981 3413 1029 3463 pto
1051 3410 1212 3464 qtl0cllnsl1¹0
1237 3410 1317 3463 444446,
1337 3411 1397 3450 544444
1420 3398 1542 3461 5441444450
1562 3398 1599 3451 ⁸5²
1614 3401 1733 3467 P⁰bi¹i⁸r
1744 3410 1768 3454 ⁰⁸

177 3463 240 3516 558.
257 3465 283 3517 44
302 3467 436 3521 Parmensi
451 3469 567 3522 editione
581 3485 632 3522 non
650 3473 716 3521 irene
735 3469 761 3522 in
781 3469 832 3521 4444
850 3469 929 3534 imjus
980 3467 1086 3520 laudata
1102 3466 1193 3520 tarinae
1214 3481 1286 3535 pars,
1302 3473 1330 3519 ct
1345 3481 1426 3531 panes
1440 3466 1525 3535 azynri
1547 3482 1599 3521 uec
1614 3469 1648 3523 ad
1664 3481 1766 3539 gustum

144 3541 171 3584 et
183 3536 319 3596 seruantis
340 3550 433 3589 versus
449 3540 588 3605 apponitur
612 3548 673 3591 noto
700 3538 926 3605 interrogationis.
980 3550 1076 3592 suares
1101 3535 1214 3597 inerint,
1240 3551 1288 3591 nee
1306 3537 1338 3590 ad
1364 3537 1538 3590 nutritionem
1565 3538 1658 3593 rutiles.
1690 3540 1766 3595 Aiiror

147 3600 217 3666 i'irg.
228 3601 272 3654 lib.
286 3620 313 3671 44,
326 3618 397 3658 vers.
410 3606 440 3660 84
454 3606 615 3674 Georgicon,
626 3612 704 3660 ramis
717 3607 831 3677 felicibus
843 3611 927 3663 arbas,
980 3604 1188 3662 citamillartiom
1200 3606 1336 3660 Prtrdentii
1348 3621 1459 3660 acumen
1471 3616 1498 3658 et
1510 3609 1648 3674 egregiam
1662 3620 1766 3664 senten·

179 3673 241 3725 554.
261 3672 330 3740 Virg.
346 3675 397 3729 loc.
413 3676 471 3742 cit,
486 3689 556 3730 rers.
573 3681 618 3743 st,
632 3680 708 3731 radia
720 3679 847 3748 oicag'na.
981 3675 1044 3731 ti'ttm
1059 3692 1111 3729 nun
1125 3675 1206 3730 luisse
1219 3686 1383 3730 assecutum.
1399 3675 1558 3730 Prudentius
1573 3678 1600 3732 in
1615 3677 1766 3733 iudaeorum

179 3740 241 3795 5444.
260 3742 342 3810 54444.
366 3743 399 3797 ad
421 3746 497 3800 ltom.
513 3759 573 3813 cop.
590 3764 627 3811 ιι,
645 3763 714 3802 rcrs.
730 3748 773 3813 ll,
789 3750 846 3802 linc
857 3764 931 3803 com·
981 3761 1072 3802 mitres
1088 3746 1230 3808 invehitur,
1247 3747 1292 3816 qui
1316 3746 1350 3799 ita
1365 3756 1470 3800 veteres
1489 3746 1557 3798 rirns
1574 3749 1715 3802 mordicus
1728 3766 1766 3803 re-

145 3813 248 3878 paratio
272 3827 397 3882 etpressa
421 3825 472 3878 est,
497 3830 575 3883 44444
599 3820 685 3886 attigit
713 3818 742 3873 S.
767 3818 931 3886 Augustinus
982 3821 1109 3877 linerent,
1126 3824 1154 3868 ut
1174 3826 1267 3869 contro
1287 3816 1489 3884 iegirspirrtum
1515 3818 1598 3870 rtrttita
1616 3830 1766 3886 peccarent,

143 3890 259 3936 enarrat.
276 3883 289 3936 l
308 3886 332 3936 in
349 3886 477 3953 psalmum
501 3901 560 3940 crttr
577 3902 584 3939 τ
605 3889 673 3941 Sunt
687 3904 748 3958 ergo
759 3887 862 3946 44444444.
881 3906 932 3943 non
982 3902 1078 3954 nempe
1091 3899 1144 3940 non
1156 3888 1242 3938 solunt
1258 3887 1517 3952 eltoreasducerent,
1529 3888 1579 3940 sed
1595 3890 1679 3941 etiarn
1696 3889 1767 3942 insei-

143 3961 202 4003 sunt
213 3953 301 4020 occisi,
315 3955 448 4007 necertorti
463 3965 520 4008 runt
532 3957 690 4010 credentibus
706 3958 831 4027 gentibus.
846 3959 934 4023 Quare
981 3957 1071 4021 uireut,
1092 3967 1120 4010 et
1144 3970 1204 4010 curn
1220 3969 1302 4024 panes
1317 3956 1402 4025 azyrni
1421 3954 1453 4008 ad
1473 3957 1598 4023 corporis
1615 3956 1764 4012 ailiictatio-

144 4020 212 4074 itae?
233 4031 259 4075 ut
278 4023 461 4079 denrorrrtraret
486 4028 556 4080 nobie
572 4028 637 4081 Deus
656 4029 683 4080 in
707 4028 817 4080 irriensis
840 4031 933 4083 uostris
983 4041 1044 4079 nem
1059 4027 1197 4081 deservire
1217 4026 1356 4090 deberent,
1376 4026 1414 4081 illi
1437 4024 1546 4079 delicias
1569 4027 1719 4090 addebant,
1737 4044 1766 4082 er

143 4092 345 4145 mi:ericordinm
366 4110 447 4147 stram.
468 4093 501 4147 ia
524 4098 601 4151 ramis
623 4098 747 4166 superbire
768 4100 879 4165 praeitis
894 4102 933 4151 in·
983 4097 1133 4164 similagine
1153 4111 1201 4149 eos
1219 4097 1392 4152 conficientes
1409 4095 1530 4164 :tttjrrre
1551 4097 1625 4150 inter
1641 4096 1767 4152 christia·

143 4171 209 4213 serto
230 4164 431 4217 nriserirordiam
455 4181 528 4217 ruant
551 4168 731 4220 demonstrauit
754 4168 875 4221 oleastro.
902 4167 931 4224 S.
984 4181 1032 4218 nos
1049 4165 1289 4230 reprcitenriuntrtr,
1305 4168 1348 4232 qui
1360 4166 1467 4220 delicia<
1481 4167 1507 4218 in
1521 4166 1622 4220 ciliciis
1638 4179 1766 4235 querunt.

145 4228 258 4300 Prosper
274 4232 320 4286 lib.
335 4233 368 4286 de
383 4234 492 4302 ingratis
505 4252 511 4288 :
529 4234 567 4288 444
581 4252 649 4299 uero,
663 4253 678 4290 o
693 4253 758 4289 noua
773 4254 849 4305 gers,
868 4248 932 4292 oete·
983 4234 1135 4289 4444444444
1153 4237 1300 4290 recentium
1313 4238 1407 4291 eadem
1422 4237 1654 4297 estcousuetudo,
1669 4239 1713 4305 qui
1726 4255 1767 4301 pa·

144 4300 179 4355 air
193 4315 250 4369 arra
264 4305 341 4370 stirpe
356 4305 458 4358 oleastri
478 4304 595 4374 Vettonia,
621 4317 644 4358 ct
664 4322 743 4361 ramae
761 4309 842 4360 ramis
856 4309 937 4362 inole-
985 4320 1033 4359 nes
1045 4320 1154 4375 azymos
1170 4321 1221 4358 non
1239 4314 1338 4360 tantum
1355 4323 1386 4359 er
1409 4306 1559 4374 sirnilagne
1578 4308 1717 4362 consterno
1729 4323 1768 4361 so·

145 4369 194 4422 reis
209 4372 290 4426 oliuae.
986 4377 1050 4438 ient,
1066 4376 1113 4430 sed
1127 4391 1315 4444 nonnunquam
1329 4378 1409 4429 etiam
1421 4376 1560 4438 s-tccitaltl,
1583 4378 1656 4432 lactc
1672 4391 1699 4432 et
1719 4380 1770 4431 ovis

181 4439 243 4493 544.
260 4441 311 4498 i‘ro
325 4461 351 4498 re
368 4444 466 4499 liabent
480 4447 514 4499 sir
527 4445 587 4500 544.
602 4448 634 4513 A,
653 4447 730 4508 liar..
752 4445 825 4507 liat„
844 4447 932 4513 Eguc,
985 4446 1082 4498 additis
1098 4445 1267 4500 delicatiores
1281 4446 1396 4500 reldrrnt
1415 4460 1464 4513 pro
1487 4451 1598 4515 :egrotis
1618 4459 1646 4501 et
1672 4448 1768 4508 enticis,

148 4507 215 4571 Pal..
232 4509 344 4579 554444,
359 4515 453 4584 iiong.,
466 4515 538 4569 Sieit.
555 4517 607 4571 Sed
624 4533 718 4572 sensns
733 4517 848 4585 postulat
862 4534 898 4571 rc.
985 4531 1052 4584 qrros
1074 4527 1168 4568 vocant
1190 4515 1281 4568 liiusob
1303 4516 1430 4581 irascirab,
1453 4515 1503 4569 troc
1525 4527 1568 4570 est
1588 4534 1684 4587 argnto
1703 4521 1769 4581 ditio,

180 4578 241 4633 545.
254 4582 283 4637 14
295 4584 361 4640 ilar.
373 4593 415 4639 est
425 4588 536 4640 calculos
550 4603 564 4640 a
579 4587 662 4655 prima
685 4602 773 4650 mortu,
790 4591 868 4642 mo'e.
986 4583 1250 4653 eosnneclrristianis
1262 4586 1404 4653 aliqrtando
1417 4585 1618 4652 impertiuntur.
1632 4588 1702 4642 Vide
1713 4589 1770 4643 leo

182 4649 244 4705 545.
268 4651 428 4709 Prudentius
450 4669 521 4723 saepe
536 4659 607 4711 triste
628 4673 676 4725 pro
700 4671 792 4709 antara
813 4657 932 4715 atlinirct,
949 4636 973 4696 D
988 4670 1048 4708 nem
1066 4656 1177 4708 bindena
1196 4653 1239 4707 tle‘
1255 4657 1297 4708 riti
1312 4655 1425 4719 Ebraiei,
1443 4655 1633 4710 etcalntetum
1655 4659 1721 4711 ilict.
1736 4659 1769 4711 444·

149 4717 214 4773 5444
228 4722 354 4791 irymnurn
371 4723 448 4778 catii.
469 4726 495 4789 5,
510 4743 579 4782 cers,
596 4729 631 4782 95
657 4728 763 4780 turlans
779 4737 879 4793 monet,
898 4747 931 4783 aa
988 4725 1060 4786 4444,
1082 4725 1156 4778 verit.
1178 4725 1285 4778 Arruns
1298 4735 1326 4780 et
1347 4726 1459 4779 Pnsetrt.
1477 4725 1528 4777 Alii
1540 4724 1595 4780 SS.
1616 4728 1712 4780 Patres
1726 4743 1768 4780 nor

149 4790 232 4842 ocrrlis
247 4794 343 4861 iniquis
355 4794 522 4848 christianos
536 4798 678 4864 aspiciant.
987 4796 1108 4847 dissimili
1133 4794 1212 4846 ruodo
1238 4795 1410 4848 liciterorrtnt
1432 4809 1522 4849 mores
1540 4795 1710 4863 depravatos
1728 4799 1769 4851 de-

184 4860 245 4914 546.
258 4859 286 4914 444
301 4861 359 4915 544.
374 4864 433 4917 Ain
445 4865 620 4922 desideratur.
637 4867 696 4922 Prrt.
711 4881 725 4919 a
741 4866 824 4936 prima
840 4880 930 4936 muno,
985 4865 1150 4930 scripserunt
1164 4874 1191 4918 et
1208 4866 1380 4933 castigarum.

149 4945 225 4984 caea.
239 4931 389 5000 Legeudunr
406 4935 483 4988 celsa.
1020 4934 1082 4986 554.
1098 4931 1260 4986 P'ertrrentnm
1273 4944 1313 4986 ost
1328 4951 1341 4983 4
1362 4939 1465 5004 terreo:
1481 4933 1541 4987 irinc
1557 4949 1653 4990 mores
1668 4937 1770 4989 critolae

184 4999 245 5054 549.
261 5001 415 5065 llujusmodi
428 5007 495 5058 ritus
505 5005 594 5074 legera
606 5006 705 5072 poteris
714 5019 773 5073 cap.
786 5019 821 5058 xtt
834 5000 929 5058 Exodi.
984 5004 1127 5070 [errorentati
1143 5013 1216 5057 recte
1230 5003 1355 5057 dicuntur
1369 5022 1375 5056 :
1390 5014 1418 5057 et
1429 5002 1522 5056 eatlem
1539 5007 1709 5073 proprietate
1723 5018 1768 5058 trr-

184 5071 246 5124 5544.
265 5070 324 5123 54ι.
341 5072 372 5138 A,
386 5074 530 5143 agiriculut,
545 5089 696 5144 perperam.
983 5088 1083 5141 gerrem
1099 5072 1296 5127 illisconvnnit.
1315 5074 1413 5126 contra
1434 5071 1581 5140 scriptores
1601 5076 1769 5130 ecclesiastici

128 5202 131 5211 .
183 5138 243 5195 554.
259 5142 315 5195 cis.
331 5142 343 5195 4
363 5143 418 5206 ed„
433 5145 459 5196 ia
473 5146 568 5210 pecude
583 5155 633 5207 ert,
649 5157 708 5196 curn
728 5144 788 5198 aliis
804 5140 927 5210 vulgatis.
985 5156 1101 5211 azymum
1114 5154 1140 5195 er
1153 5142 1208 5195 cirre
1228 5147 1351 5213 sarnunto
1369 5142 1491 5212 accipere
1508 5142 1598 5198 solent
1613 5161 1665 5213 pro
1678 5157 1768 5209 sancta,

150 5207 282 5264 lieinsiani
303 5220 330 5265 et
353 5213 436 5267 nostri
463 5215 553 5272 codd..
579 5212 784 5268 444444544444441
806 5215 864 5266 sine
881 5219 928 5262 ert.
984 5213 1077 5266 etrine
1091 5211 1199 5266 malitia.

152 5276 278 5338 Weitzius
290 5281 324 5333 ito
343 5284 503 5350 interpungit
515 5301 522 5338 ι
535 5284 586 5338 Sed
606 5299 688 5344 sacer,
708 5284 734 5335 in
751 5284 844 5341 pecude
866 5281 931 5333 stni-
1021 5279 1082 5332 aab.
1097 5281 1169 5342 Alli-0
1185 5282 1298 5350 fingam·
1308 5280 1362 5346 44ῑί,
1377 5280 1502 5349 ‘ifinwi-
1768 5351 1776 5358 ,

149 5357 201 5399 turn
215 5361 251 5402 ert
265 5352 302 5402 sic
315 5354 415 5406 credere
431 5368 540 5406 ramum.
555 5355 617 5415 Alii,
632 5354 684 5404 Seri
702 5354 810 5409 racerin
824 5351 928 5420 pecude,
1020 5350 1083 5404 559.
1101 5352 1127 5402 44
1147 5350 1205 5403 544.
1229 5353 1261 5413 A,
1283 5351 1362 5414 maie,
1382 5352 1460 5405 unica
1482 5350 1611 5418 dictione,
1635 5354 1769 5409 collinitorr

149 5421 314 5473 stultumcrt.
327 5422 371 5476 Sic
393 5424 654 5478 correritcisclinus
671 5422 696 5476 44
713 5420 930 5484 4444424444,
982 5435 1031 5542 FN
1051 5420 1148 5473 collinit
1171 5434 1224 5473 oro.
1247 5422 1373 5486 Loquitur
1396 5430 1474 5486 poeta
1490 5421 1523 5474 rie
1545 5437 1629 5479 cruce
1652 5427 1768 5488 inscripta

149 5490 300 5551 advertens,
329 5492 429 5546 Pascite
449 5492 602 5547 iudaeorum
624 5493 709 5546 solum
732 5493 881 5546 cottsistcre
903 5491 929 5542 iu
995 5490 1113 5543 rorrtlirus
1140 5490 1164 5543 in
1189 5498 1357 5543 sacramento
1383 5487 1616 5557 consumationis,
1645 5499 1768 5563 praecipue

150 5572 190 5684 fet
200 5559 262 5622 ude,
276 5575 336 5613 curn
349 5562 406 5628 jain
425 5577 508 5631 agrius
522 5580 573 5617 non
590 5565 624 5617 sit
641 5573 717 5630 typus
739 5561 792 5615 veri
814 5562 882 5628 ugni.
902 5557 929 5611 irr

161 5631 209 5685 ’44
226 5645 240 5683 4
260 5645 338 5685 tuetur
357 5635 451 5699 prium,
472 5633 524 5687 Sed
540 5649 640 5688 sacrum
658 5634 683 5686 in
699 5632 803 5701 pecuda.
826 5630 927 5688 Altcubt

987 5568 1074 5612 tarnrn
1085 5559 1255 5614 commendat
1266 5559 1359 5613 merita
1375 5560 1507 5623 passionis
1519 5560 1584 5618 iesu
1594 5564 1768 5621 Cirrisliiide

983 5628 1110 5700 lrgmuum
1125 5629 1247 5695 5414444,
1263 5645 1331 5684 rcrs.
1348 5630 1399 5683 445
1415 5638 1440 5684 et
1452 5644 1530 5698 sang.
