<?xml version="1.0" encoding="UTF-8"?>
<!DOCTYPE html PUBLIC "-//W3C//DTD XHTML 1.0 Transitional//EN"
    "http://www.w3.org/TR/xhtml1/DTD/xhtml1-transitional.dtd">
<html xmlns="http://www.w3.org/1999/xhtml" xml:lang="en" lang="en">
 <head>
  <title>
</title>
<meta http-equiv="Content-Type" content="text/html;charset=utf-8" />
  <meta name='ocr-system' content='tesseract 3.04.00' />
  <meta name='ocr-capabilities' content='ocr_page ocr_carea ocr_par ocr_line ocrx_word'/>
</head>
<body>
  <div class='ocr_page' id='page_1' title='image "./patrologiaecurs52unkngoog/patrologiaecurs52unkngoog_0017.png"; bbox 0 0 3816 6120; ppageno 0'>
   <div class='ocr_carea' id='block_1_1' title="bbox 155 263 1784 468">
    <p class='ocr_par' dir='ltr' id='par_1_1' title="bbox 155 263 1784 468">
     <span class='ocr_line' id='line_1_1' title="bbox 155 263 1784 342; baseline -0.001 0"><span class='ocrx_word' id='word_1_1' title='bbox 155 287 192 342; x_wconf 86' lang='lat' dir='ltr'>as</span> <span class='ocrx_word' id='word_1_2' title='bbox 549 263 565 285; x_wconf 64' lang='lat'><strong><em>²</em></strong></span> <span class='ocrx_word' id='word_1_3' title='bbox 831 279 1117 339; x_wconf 80' lang='lat' dir='ltr'>onttsnrtrtet</span> <span class='ocrx_word' id='word_1_4' title='bbox 1749 287 1784 341; x_wconf 80' lang='lat' dir='ltr'>tt</span> 
     </span>
     <span class='ocr_line' id='line_1_2' title="bbox 190 387 1784 468; baseline -0.003 -14"><span class='ocrx_word' id='word_1_5' title='bbox 190 399 349 464; x_wconf 82' lang='lat' dir='ltr'>transmittit,</span> <span class='ocrx_word' id='word_1_6' title='bbox 372 397 537 468; x_wconf 71' lang='lat' dir='ltr'>hortaturque</span> <span class='ocrx_word' id='word_1_7' title='bbox 563 387 591 450; x_wconf 79' lang='lat' dir='ltr'>in</span> <span class='ocrx_word' id='word_1_8' title='bbox 610 409 668 449; x_wconf 88' lang='lat' dir='ltr'>cunt</span> <span class='ocrx_word' id='word_1_9' title='bbox 679 392 879 465; x_wconf 76' lang='lat' dir='ltr'>Eutychionttttr</span> <span class='ocrx_word' id='word_1_10' title='bbox 892 412 944 452; x_wconf 88' lang='lat' dir='ltr'>uon</span> <span class='ocrx_word' id='word_1_11' title='bbox 957 402 986 461; x_wconf 71' lang='grc' dir='ltr'><strong>Α</strong></span> <span class='ocrx_word' id='word_1_12' title='bbox 997 408 1042 450; x_wconf 89' lang='lat' dir='ltr'>sus</span> <span class='ocrx_word' id='word_1_13' title='bbox 1055 393 1191 463; x_wconf 88' lang='lat' dir='ltr'>apostolus</span> <span class='ocrx_word' id='word_1_14' title='bbox 1202 392 1299 450; x_wconf 87' lang='lat' dir='ltr'>Paulus</span> <span class='ocrx_word' id='word_1_15' title='bbox 1309 394 1414 464; x_wconf 79' lang='lat' dir='ltr'>qualem</span> <span class='ocrx_word' id='word_1_16' title='bbox 1426 393 1504 451; x_wconf 91' lang='lat' dir='ltr'>ltodie</span> <span class='ocrx_word' id='word_1_17' title='bbox 1516 394 1625 450; x_wconf 90' lang='lat' dir='ltr'>credere</span> <span class='ocrx_word' id='word_1_18' title='bbox 1637 393 1784 450; x_wconf 77' lang='lat' dir='ltr'>debeamus</span> 
     </span>
    </p>
   </div>
   <div class='ocr_carea' id='block_1_2' title="bbox 189 465 824 539">
    <p class='ocr_par' dir='ltr' id='par_1_2' title="bbox 189 465 824 539">
     <span class='ocr_line' id='line_1_3' title="bbox 189 465 824 539; baseline -0.006 -15"><span class='ocrx_word' id='word_1_19' title='bbox 189 471 387 535; x_wconf 82' lang='lat' dir='ltr'>communicent,</span> <span class='ocrx_word' id='word_1_20' title='bbox 402 478 426 522; x_wconf 82' lang='lat' dir='ltr'>et</span> <span class='ocrx_word' id='word_1_21' title='bbox 438 467 538 522; x_wconf 83' lang='lat' dir='ltr'>muneri</span> <span class='ocrx_word' id='word_1_22' title='bbox 547 466 671 539; x_wconf 85' lang='lat' dir='ltr'>postorali</span> <span class='ocrx_word' id='word_1_23' title='bbox 683 465 824 537; x_wconf 80' lang='lat' dir='ltr'>incipilcut.</span> 
     </span>
    </p>
   </div>
   <div class='ocr_carea' id='block_1_3' title="bbox 148 577 943 1753">
    <p class='ocr_par' dir='ltr' id='par_1_3' title="bbox 151 577 940 740">
     <span class='ocr_line' id='line_1_4' title="bbox 188 577 940 649; baseline -0.003 -14"><span class='ocrx_word' id='word_1_24' title='bbox 188 580 373 638; x_wconf 60' lang='lat' dir='ltr'>Dilectissimis</span> <span class='ocrx_word' id='word_1_25' title='bbox 387 579 514 635; x_wconf 84' lang='lat' dir='ltr'>iratribus</span> <span class='ocrx_word' id='word_1_26' title='bbox 527 577 656 635; x_wconf 81' lang='lat' dir='ltr'>univorsis</span> <span class='ocrx_word' id='word_1_27' title='bbox 668 577 800 648; x_wconf 86' lang='lat' dir='ltr'>episcopis</span> <span class='ocrx_word' id='word_1_28' title='bbox 813 593 862 649; x_wconf 87' lang='lat' dir='ltr'>per</span> <span class='ocrx_word' id='word_1_29' title='bbox 872 578 940 633; x_wconf 91' lang='lat' dir='ltr'>Dar·</span> 
     </span>
     <span class='ocr_line' id='line_1_5' title="bbox 151 669 728 740; baseline -0.007 -13"><span class='ocrx_word' id='word_1_30' title='bbox 151 671 258 727; x_wconf 88' lang='lat' dir='ltr'>daniam</span> <span class='ocrx_word' id='word_1_31' title='bbox 271 672 421 728; x_wconf 89' lang='lat' dir='ltr'>constitutis</span> <span class='ocrx_word' id='word_1_32' title='bbox 438 671 560 727; x_wconf 82' lang='lat' dir='ltr'>Gelasius</span> <span class='ocrx_word' id='word_1_33' title='bbox 576 669 728 740; x_wconf 86' lang='lat' dir='ltr'>episcopus.</span> 
     </span>
    </p>

    <p class='ocr_par' dir='ltr' id='par_1_4' title="bbox 148 761 943 1753">
     <span class='ocr_line' id='line_1_6' title="bbox 188 761 943 832; baseline -0.003 -14"><span class='ocrx_word' id='word_1_34' title='bbox 188 761 238 818; x_wconf 91' lang='lat' dir='ltr'>Ubi</span> <span class='ocrx_word' id='word_1_35' title='bbox 252 765 367 832; x_wconf 91' lang='lat' dir='ltr'>primurn</span> <span class='ocrx_word' id='word_1_36' title='bbox 382 762 514 830; x_wconf 88' lang='lat' dir='ltr'>respirare</span> <span class='ocrx_word' id='word_1_37' title='bbox 528 761 568 818; x_wconf 87' lang='lat' dir='ltr'>las</span> <span class='ocrx_word' id='word_1_38' title='bbox 588 772 630 818; x_wconf 89' lang='lat' dir='ltr'>est</span> <span class='ocrx_word' id='word_1_39' title='bbox 643 777 659 816; x_wconf 90' lang='lat' dir='ltr'>a</span> <span class='ocrx_word' id='word_1_40' title='bbox 673 772 860 819; x_wconf 90' lang='lat' dir='ltr'>cortttnuorum</span> <span class='ocrx_word' id='word_1_41' title='bbox 875 772 943 817; x_wconf 90' lang='lat' dir='ltr'>tem-</span> 
     </span>
     <span class='ocr_line' id='line_1_7' title="bbox 151 853 940 923; baseline 0 -16"><span class='ocrx_word' id='word_1_42' title='bbox 151 861 255 919; x_wconf 83' lang='lat' dir='ltr'>pestate</span> <span class='ocrx_word' id='word_1_43' title='bbox 271 854 487 920; x_wconf 73' lang='lat' dir='ltr'>bellorumque</span> <span class='ocrx_word' id='word_1_44' title='bbox 505 854 532 908; x_wconf 93' lang='lat' dir='ltr'>in</span> <span class='ocrx_word' id='word_1_45' title='bbox 547 853 599 909; x_wconf 91' lang='lat' dir='ltr'>illis</span> <span class='ocrx_word' id='word_1_46' title='bbox 614 855 767 923; x_wconf 82' lang='lat' dir='ltr'>provinciis,</span> <span class='ocrx_word' id='word_1_47' title='bbox 783 857 824 908; x_wconf 88' lang='lat' dir='ltr'>nel</span> <span class='ocrx_word' id='word_1_48' title='bbox 840 854 866 908; x_wconf 94' lang='lat' dir='ltr'>in</span> <span class='ocrx_word' id='word_1_49' title='bbox 883 855 940 909; x_wconf 87' lang='lat' dir='ltr'>iotis</span> 
     </span>
     <span class='ocr_line' id='line_1_8' title="bbox 151 941 941 1013; baseline 0.008 -19"><span class='ocrx_word' id='word_1_50' title='bbox 151 941 316 1010; x_wconf 70' lang='lat' dir='ltr'>temporibus</span> <span class='ocrx_word' id='word_1_51' title='bbox 330 942 442 1009; x_wconf 78' lang='lat' dir='ltr'>unalitas</span> <span class='ocrx_word' id='word_1_52' title='bbox 452 943 617 999; x_wconf 77' lang='lat' dir='ltr'>incessanter</span> <span class='ocrx_word' id='word_1_53' title='bbox 629 944 757 1009; x_wconf 84' lang='lat' dir='ltr'>etercnit,</span> <span class='ocrx_word' id='word_1_54' title='bbox 770 955 880 1001; x_wconf 88' lang='lat' dir='ltr'>cunctos</span> <span class='ocrx_word' id='word_1_55' title='bbox 894 960 941 1013; x_wconf 86' lang='lat' dir='ltr'>per</span> 
     </span>
     <span class='ocr_line' id='line_1_9' title="bbox 150 1031 939 1095; baseline 0.013 -10"><span class='ocrx_word' id='word_1_56' title='bbox 150 1031 311 1087; x_wconf 76' lang='lat' dir='ltr'>Dardaniam</span> <span class='ocrx_word' id='word_1_57' title='bbox 326 1032 431 1089; x_wconf 84' lang='lat' dir='ltr'>Domini</span> <span class='ocrx_word' id='word_1_58' title='bbox 445 1032 598 1091; x_wconf 88' lang='lat' dir='ltr'>sacerdotes</span> <span class='ocrx_word' id='word_1_59' title='bbox 612 1034 737 1091; x_wconf 77' lang='lat' dir='ltr'>fraterne</span> <span class='ocrx_word' id='word_1_60' title='bbox 752 1036 939 1095; x_wconf 77' lang='lat' dir='ltr'>sollieitudinls</span> 
     </span>
     <span class='ocr_line' id='line_1_10' title="bbox 150 1119 939 1198; baseline 0.013 -25"><span class='ocrx_word' id='word_1_61' title='bbox 150 1119 263 1178; x_wconf 91' lang='lat' dir='ltr'>caritate</span> <span class='ocrx_word' id='word_1_62' title='bbox 275 1120 399 1179; x_wconf 87' lang='lat' dir='ltr'>duximus</span> <span class='ocrx_word' id='word_1_63' title='bbox 410 1122 583 1194; x_wconf 85' lang='lat' dir='ltr'>alloquendos</span> <span class='ocrx_word' id='word_1_64' title='bbox 598 1141 606 1179; x_wconf 88' lang='lat'>:</span> <span class='ocrx_word' id='word_1_65' title='bbox 619 1125 733 1195; x_wconf 91' lang='lat' dir='ltr'>primum</span> <span class='ocrx_word' id='word_1_66' title='bbox 748 1126 808 1194; x_wconf 81' lang='lat' dir='ltr'>quia</span> <span class='ocrx_word' id='word_1_67' title='bbox 821 1128 939 1198; x_wconf 75' lang='lat' dir='ltr'>regimen</span> 
     </span>
     <span class='ocr_line' id='line_1_11' title="bbox 150 1213 938 1286; baseline 0.013 -22"><span class='ocrx_word' id='word_1_68' title='bbox 150 1213 302 1280; x_wconf 87' lang='lat' dir='ltr'>apostolicae</span> <span class='ocrx_word' id='word_1_69' title='bbox 312 1213 385 1271; x_wconf 87' lang='lat' dir='ltr'>sedis</span> <span class='ocrx_word' id='word_1_70' title='bbox 395 1214 495 1285; x_wconf 80' lang='lat' dir='ltr'>adepti,</span> <span class='ocrx_word' id='word_1_71' title='bbox 507 1215 619 1284; x_wconf 89' lang='lat' dir='ltr'>strepitu</span> <span class='ocrx_word' id='word_1_72' title='bbox 631 1216 746 1286; x_wconf 89' lang='lat' dir='ltr'>publico,</span> <span class='ocrx_word' id='word_1_73' title='bbox 759 1217 828 1273; x_wconf 91' lang='lat' dir='ltr'>sicut</span> <span class='ocrx_word' id='word_1_74' title='bbox 838 1218 938 1274; x_wconf 91' lang='lat' dir='ltr'>dictum</span> 
     </span>
     <span class='ocr_line' id='line_1_12' title="bbox 149 1306 938 1381; baseline 0.008 -22"><span class='ocrx_word' id='word_1_75' title='bbox 149 1316 205 1371; x_wconf 86' lang='lat' dir='ltr'>est,</span> <span class='ocrx_word' id='word_1_76' title='bbox 223 1306 393 1374; x_wconf 79' lang='lat' dir='ltr'>retardante,</span> <span class='ocrx_word' id='word_1_77' title='bbox 409 1307 583 1363; x_wconf 87' lang='lat' dir='ltr'>commissum</span> <span class='ocrx_word' id='word_1_78' title='bbox 603 1309 680 1365; x_wconf 90' lang='lat' dir='ltr'>nobis</span> <span class='ocrx_word' id='word_1_79' title='bbox 694 1325 778 1365; x_wconf 72' lang='lat' dir='ltr'>meras</span> <span class='ocrx_word' id='word_1_80' title='bbox 797 1311 938 1381; x_wconf 81' lang='lat' dir='ltr'>dispensa·</span> 
     </span>
     <span class='ocr_line' id='line_1_13' title="bbox 150 1396 940 1474; baseline 0.01 -23"><span class='ocrx_word' id='word_1_81' title='bbox 150 1396 233 1452; x_wconf 86' lang='lat' dir='ltr'>tionis</span> <span class='ocrx_word' id='word_1_82' title='bbox 242 1397 370 1465; x_wconf 89' lang='lat' dir='ltr'>oldoinm,</span> <span class='ocrx_word' id='word_1_83' title='bbox 383 1399 507 1469; x_wconf 87' lang='lat' dir='ltr'>propriis,</span> <span class='ocrx_word' id='word_1_84' title='bbox 521 1407 619 1456; x_wconf 86' lang='lat' dir='ltr'>uttuos</span> <span class='ocrx_word' id='word_1_85' title='bbox 631 1410 699 1468; x_wconf 85' lang='lat' dir='ltr'>erat,</span> <span class='ocrx_word' id='word_1_86' title='bbox 712 1402 808 1458; x_wconf 91' lang='lat' dir='ltr'>litteris</span> <span class='ocrx_word' id='word_1_87' title='bbox 822 1405 830 1436; x_wconf 90' lang='lat'><strong>¹</strong></span> <span class='ocrx_word' id='word_1_88' title='bbox 846 1407 940 1474; x_wconf 83' lang='lat' dir='ltr'>tteqni-</span> 
     </span>
     <span class='ocr_line' id='line_1_14' title="bbox 148 1488 939 1561; baseline 0.014 -20"><span class='ocrx_word' id='word_1_89' title='bbox 148 1501 209 1542; x_wconf 88' lang='lat' dir='ltr'>ntus</span> <span class='ocrx_word' id='word_1_90' title='bbox 221 1488 349 1557; x_wconf 90' lang='lat' dir='ltr'>indicare,</span> <span class='ocrx_word' id='word_1_91' title='bbox 361 1506 414 1561; x_wconf 90' lang='lat' dir='ltr'>quo</span> <span class='ocrx_word' id='word_1_92' title='bbox 430 1500 518 1546; x_wconf 83' lang='lat' dir='ltr'>vestra</span> <span class='ocrx_word' id='word_1_93' title='bbox 534 1492 685 1547; x_wconf 78' lang='lat' dir='ltr'>fraternitas</span> <span class='ocrx_word' id='word_1_94' title='bbox 699 1494 734 1549; x_wconf 92' lang='lat' dir='ltr'>de</span> <span class='ocrx_word' id='word_1_95' title='bbox 745 1495 939 1552; x_wconf 88' lang='lat' dir='ltr'>communionis</span> 
     </span>
     <span class='ocr_line' id='line_1_15' title="bbox 149 1576 939 1659; baseline 0.016 -27"><span class='ocrx_word' id='word_1_96' title='bbox 149 1576 254 1636; x_wconf 84' lang='lat' dir='ltr'>Domini</span> <span class='ocrx_word' id='word_1_97' title='bbox 267 1581 406 1638; x_wconf 87' lang='lat' dir='ltr'>nobiscum</span> <span class='ocrx_word' id='word_1_98' title='bbox 422 1598 533 1639; x_wconf 87' lang='lat' dir='ltr'>tnnncre</span> <span class='ocrx_word' id='word_1_99' title='bbox 544 1584 701 1654; x_wconf 68' lang='lat' dir='ltr'>gratuletur.</span> <span class='ocrx_word' id='word_1_100' title='bbox 715 1586 827 1654; x_wconf 91' lang='lat' dir='ltr'>Deinde,</span> <span class='ocrx_word' id='word_1_101' title='bbox 840 1597 867 1642; x_wconf 92' lang='lat' dir='ltr'>nt</span> <span class='ocrx_word' id='word_1_102' title='bbox 878 1599 939 1659; x_wconf 89' lang='lat' dir='ltr'>post</span> 
     </span>
     <span class='ocr_line' id='line_1_16' title="bbox 149 1675 939 1753; baseline 0.014 -27"><span class='ocrx_word' id='word_1_103' title='bbox 149 1679 236 1729; x_wconf 79' lang='lat' dir='ltr'>tanos</span> <span class='ocrx_word' id='word_1_104' title='bbox 244 1675 402 1730; x_wconf 90' lang='lat' dir='ltr'>acerbitates</span> <span class='ocrx_word' id='word_1_105' title='bbox 412 1675 699 1747; x_wconf 84' lang='lat' dir='ltr'>incommoditatesque</span> <span class='ocrx_word' id='word_1_106' title='bbox 709 1680 867 1748; x_wconf 88' lang='lat' dir='ltr'>mundanas,</span> <span class='ocrx_word' id='word_1_107' title='bbox 876 1698 939 1753; x_wconf 86' lang='lat' dir='ltr'>qtta·</span> 
     </span>
    </p>
   </div>
   <div class='ocr_carea' id='block_1_4' title="bbox 990 484 1784 1749">
    <p class='ocr_par' dir='ltr' id='par_1_5' title="bbox 991 484 1784 1199">
     <span class='ocr_line' id='line_1_17' title="bbox 995 484 1784 556; baseline -0.005 -17"><span class='ocrx_word' id='word_1_108' title='bbox 995 484 1137 541; x_wconf 91' lang='lat' dir='ltr'>Dominum</span> <span class='ocrx_word' id='word_1_109' title='bbox 1153 495 1273 540; x_wconf 87' lang='lat' dir='ltr'>nostrum</span> <span class='ocrx_word' id='word_1_110' title='bbox 1291 484 1382 541; x_wconf 89' lang='lat' dir='ltr'>lesum</span> <span class='ocrx_word' id='word_1_111' title='bbox 1397 484 1530 541; x_wconf 85' lang='lat' dir='ltr'>Christum</span> <span class='ocrx_word' id='word_1_112' title='bbox 1545 486 1632 555; x_wconf 89' lang='lat' dir='ltr'>palatn</span> <span class='ocrx_word' id='word_1_113' title='bbox 1646 485 1784 556; x_wconf 74' lang='lat' dir='ltr'>protessus</span> 
     </span>
     <span class='ocr_line' id='line_1_18' title="bbox 993 576 1784 648; baseline -0.001 -15"><span class='ocrx_word' id='word_1_114' title='bbox 993 588 1046 648; x_wconf 86' lang='lat' dir='ltr'>est,</span> <span class='ocrx_word' id='word_1_115' title='bbox 1059 576 1152 634; x_wconf 86' lang='lat' dir='ltr'>dicens</span> <span class='ocrx_word' id='word_1_116' title='bbox 1167 596 1173 631; x_wconf 94' lang='lat'><strong>:</strong></span> <span class='ocrx_word' id='word_1_117' title='bbox 1189 579 1223 632; x_wconf 89' lang='lat' dir='ltr'>ln</span> <span class='ocrx_word' id='word_1_118' title='bbox 1236 595 1286 648; x_wconf 82' lang='lat' dir='ltr'>prro</span> <span class='ocrx_word' id='word_1_119' title='bbox 1299 579 1396 634; x_wconf 74' lang='lat' dir='ltr'>dabitat</span> <span class='ocrx_word' id='word_1_120' title='bbox 1411 579 1493 634; x_wconf 86' lang='lat' dir='ltr'>omnir</span> <span class='ocrx_word' id='word_1_121' title='bbox 1506 578 1635 648; x_wconf 83' lang='lat' dir='ltr'>plenitudo</span> <span class='ocrx_word' id='word_1_122' title='bbox 1644 577 1784 632; x_wconf 84' lang='lat' dir='ltr'>diuinitatis</span> 
     </span>
     <span class='ocr_line' id='line_1_19' title="bbox 993 665 1784 740; baseline 0.001 -19"><span class='ocrx_word' id='word_1_123' title='bbox 993 668 1159 740; x_wconf 83' lang='lat' dir='ltr'>corporclitcr</span> <span class='ocrx_word' id='word_1_124' title='bbox 1184 665 1294 739; x_wconf 78' lang='lat' dir='ltr'>(Colore.</span> <span class='ocrx_word' id='word_1_125' title='bbox 1311 669 1359 740; x_wconf 93' lang='grc' dir='ltr'>ιι),</span> <span class='ocrx_word' id='word_1_126' title='bbox 1375 669 1446 740; x_wconf 89' lang='lat' dir='ltr'>quod</span> <span class='ocrx_word' id='word_1_127' title='bbox 1467 670 1542 725; x_wconf 85' lang='lat' dir='ltr'>breti</span> <span class='ocrx_word' id='word_1_128' title='bbox 1565 667 1682 739; x_wconf 91' lang='lat' dir='ltr'>capitulo</span> <span class='ocrx_word' id='word_1_129' title='bbox 1702 670 1784 722; x_wconf 91' lang='lat' dir='ltr'>simnl</span> 
     </span>
     <span class='ocr_line' id='line_1_20' title="bbox 994 759 1780 834; baseline 0 -20"><span class='ocrx_word' id='word_1_130' title='bbox 994 759 1118 815; x_wconf 78' lang='lat' dir='ltr'>Arianam</span> <span class='ocrx_word' id='word_1_131' title='bbox 1130 772 1242 830; x_wconf 89' lang='lat' dir='ltr'>pestem,</span> <span class='ocrx_word' id='word_1_132' title='bbox 1253 771 1280 817; x_wconf 91' lang='lat' dir='ltr'>et</span> <span class='ocrx_word' id='word_1_133' title='bbox 1290 762 1445 833; x_wconf 88' lang='lat' dir='ltr'>ltancqnam</span> <span class='ocrx_word' id='word_1_134' title='bbox 1459 762 1577 818; x_wconf 81' lang='lat' dir='ltr'>diximus</span> <span class='ocrx_word' id='word_1_135' title='bbox 1587 761 1780 834; x_wconf 79' lang='lat' dir='ltr'>Eutycltianatn</span> 
     </span>
     <span class='ocr_line' id='line_1_21' title="bbox 992 850 1782 923; baseline 0.005 -19"><span class='ocrx_word' id='word_1_136' title='bbox 992 850 1096 906; x_wconf 88' lang='lat' dir='ltr'>coelesti</span> <span class='ocrx_word' id='word_1_137' title='bbox 1111 851 1300 920; x_wconf 70' lang='lat' dir='ltr'>predicatione</span> <span class='ocrx_word' id='word_1_138' title='bbox 1313 853 1452 921; x_wconf 85' lang='lat' dir='ltr'>subuertit,</span> <span class='ocrx_word' id='word_1_139' title='bbox 1468 855 1529 923; x_wconf 84' lang='lat' dir='ltr'>quia</span> <span class='ocrx_word' id='word_1_140' title='bbox 1546 866 1573 910; x_wconf 90' lang='lat' dir='ltr'>et</span> <span class='ocrx_word' id='word_1_141' title='bbox 1587 855 1667 909; x_wconf 90' lang='lat' dir='ltr'>ltotno</span> <span class='ocrx_word' id='word_1_142' title='bbox 1682 853 1782 909; x_wconf 87' lang='lat' dir='ltr'>ttiltilo·</span> 
     </span>
     <span class='ocr_line' id='line_1_22' title="bbox 992 941 1783 1015; baseline 0.008 -19"><span class='ocrx_word' id='word_1_143' title='bbox 992 941 1080 997; x_wconf 90' lang='lat' dir='ltr'>tninas</span> <span class='ocrx_word' id='word_1_144' title='bbox 1103 953 1164 1009; x_wconf 88' lang='lat' dir='ltr'>est,</span> <span class='ocrx_word' id='word_1_145' title='bbox 1183 943 1228 999; x_wconf 91' lang='lat' dir='ltr'>nbi</span> <span class='ocrx_word' id='word_1_146' title='bbox 1247 943 1335 998; x_wconf 89' lang='lat' dir='ltr'>omnis</span> <span class='ocrx_word' id='word_1_147' title='bbox 1359 945 1488 1015; x_wconf 88' lang='lat' dir='ltr'>plenaque</span> <span class='ocrx_word' id='word_1_148' title='bbox 1510 944 1638 1003; x_wconf 82' lang='lat' dir='ltr'>Divinitas</span> <span class='ocrx_word' id='word_1_149' title='bbox 1660 945 1783 1002; x_wconf 86' lang='lat' dir='ltr'>ltabitarc</span> 
     </span>
     <span class='ocr_line' id='line_1_23' title="bbox 992 1034 1782 1108; baseline 0.01 -20"><span class='ocrx_word' id='word_1_150' title='bbox 992 1034 1163 1102; x_wconf 87' lang='lat' dir='ltr'>pcrltibetnr,</span> <span class='ocrx_word' id='word_1_151' title='bbox 1186 1043 1213 1091; x_wconf 93' lang='lat' dir='ltr'>et</span> <span class='ocrx_word' id='word_1_152' title='bbox 1227 1037 1400 1106; x_wconf 73' lang='lat' dir='ltr'>corporaliter</span> <span class='ocrx_word' id='word_1_153' title='bbox 1419 1039 1612 1108; x_wconf 87' lang='lat' dir='ltr'>exprimendo,</span> <span class='ocrx_word' id='word_1_154' title='bbox 1627 1041 1652 1094; x_wconf 93' lang='lat' dir='ltr'>in</span> <span class='ocrx_word' id='word_1_155' title='bbox 1669 1040 1782 1096; x_wconf 81' lang='lat' dir='ltr'>teritato</span> 
     </span>
     <span class='ocr_line' id='line_1_24' title="bbox 991 1126 1562 1199; baseline 0.011 -19"><span class='ocrx_word' id='word_1_156' title='bbox 991 1126 1136 1193; x_wconf 83' lang='lat' dir='ltr'>persistere</span> <span class='ocrx_word' id='word_1_157' title='bbox 1151 1128 1234 1182; x_wconf 91' lang='lat' dir='ltr'>nostri</span> <span class='ocrx_word' id='word_1_158' title='bbox 1249 1129 1369 1198; x_wconf 86' lang='lat' dir='ltr'>corporis</span> <span class='ocrx_word' id='word_1_159' title='bbox 1390 1131 1562 1199; x_wconf 90' lang='lat' dir='ltr'>approbatur.</span> 
     </span>
    </p>

    <p class='ocr_par' dir='ltr' id='par_1_6' title="bbox 990 1215 1781 1749">
     <span class='ocr_line' id='line_1_25' title="bbox 1026 1215 1781 1292; baseline 0.011 -21"><span class='ocrx_word' id='word_1_160' title='bbox 1026 1215 1113 1286; x_wconf 87' lang='lat' dir='ltr'>Super</span> <span class='ocrx_word' id='word_1_161' title='bbox 1123 1228 1213 1272; x_wconf 90' lang='lat' dir='ltr'>antctn</span> <span class='ocrx_word' id='word_1_162' title='bbox 1227 1218 1269 1274; x_wconf 90' lang='lat' dir='ltr'>itis</span> <span class='ocrx_word' id='word_1_163' title='bbox 1283 1219 1435 1290; x_wconf 84' lang='lat' dir='ltr'>treqnemcr</span> <span class='ocrx_word' id='word_1_164' title='bbox 1448 1221 1481 1277; x_wconf 87' lang='lat' dir='ltr'>ab</span> <span class='ocrx_word' id='word_1_165' title='bbox 1498 1221 1642 1292; x_wconf 88' lang='lat' dir='ltr'>apostolica</span> <span class='ocrx_word' id='word_1_166' title='bbox 1657 1222 1738 1288; x_wconf 80' lang='lat' dir='ltr'>sede,</span> <span class='ocrx_word' id='word_1_167' title='bbox 1754 1232 1781 1279; x_wconf 93' lang='lat' dir='ltr'>et</span> 
     </span>
     <span class='ocr_line' id='line_1_26' title="bbox 991 1305 1778 1383; baseline 0.014 -23"><span class='ocrx_word' id='word_1_168' title='bbox 991 1320 1038 1374; x_wconf 90' lang='lat' dir='ltr'>per</span> <span class='ocrx_word' id='word_1_169' title='bbox 1048 1305 1132 1362; x_wconf 81' lang='lat' dir='ltr'>beate</span> <span class='ocrx_word' id='word_1_170' title='bbox 1147 1309 1284 1364; x_wconf 76' lang='lat' dir='ltr'>memoria</span> <span class='ocrx_word' id='word_1_171' title='bbox 1298 1320 1417 1366; x_wconf 89' lang='lat' dir='ltr'>sanctum</span> <span class='ocrx_word' id='word_1_172' title='bbox 1431 1313 1557 1380; x_wconf 84' lang='lat' dir='ltr'>Leonem,</span> <span class='ocrx_word' id='word_1_173' title='bbox 1571 1325 1598 1368; x_wconf 93' lang='lat' dir='ltr'>et</span> <span class='ocrx_word' id='word_1_174' title='bbox 1612 1329 1659 1383; x_wconf 91' lang='lat' dir='ltr'>per</span> <span class='ocrx_word' id='word_1_175' title='bbox 1671 1329 1778 1371; x_wconf 88' lang='lat' dir='ltr'>succes·</span> 
     </span>
     <span class='ocr_line' id='line_1_27' title="bbox 990 1399 1779 1475; baseline 0.015 -24"><span class='ocrx_word' id='word_1_176' title='bbox 990 1413 1066 1454; x_wconf 90' lang='lat' dir='ltr'>sores</span> <span class='ocrx_word' id='word_1_177' title='bbox 1076 1399 1134 1469; x_wconf 86' lang='lat' dir='ltr'>ejus</span> <span class='ocrx_word' id='word_1_178' title='bbox 1147 1412 1250 1457; x_wconf 89' lang='lat' dir='ltr'>certum</span> <span class='ocrx_word' id='word_1_179' title='bbox 1264 1414 1320 1469; x_wconf 89' lang='lat' dir='ltr'>est,</span> <span class='ocrx_word' id='word_1_180' title='bbox 1335 1406 1443 1461; x_wconf 77' lang='lat' dir='ltr'>Graecos</span> <span class='ocrx_word' id='word_1_181' title='bbox 1456 1406 1538 1463; x_wconf 86' lang='lat' dir='ltr'>luisse</span> <span class='ocrx_word' id='word_1_182' title='bbox 1549 1408 1695 1475; x_wconf 81' lang='lat' dir='ltr'>convictos,</span> <span class='ocrx_word' id='word_1_183' title='bbox 1710 1411 1779 1463; x_wconf 85' lang='lat' dir='ltr'>sient</span> 
     </span>
     <span class='ocr_line' id='line_1_28' title="bbox 991 1490 1778 1566; baseline 0.015 -24"><span class='ocrx_word' id='word_1_184' title='bbox 991 1490 1108 1558; x_wconf 85' lang='lat' dir='ltr'>ipsorntn</span> <span class='ocrx_word' id='word_1_185' title='bbox 1122 1492 1222 1549; x_wconf 90' lang='lat' dir='ltr'>cbartis</span> <span class='ocrx_word' id='word_1_186' title='bbox 1235 1509 1302 1566; x_wconf 85' lang='lat' dir='ltr'>quas</span> <span class='ocrx_word' id='word_1_187' title='bbox 1315 1498 1385 1566; x_wconf 90' lang='lat' dir='ltr'>apud</span> <span class='ocrx_word' id='word_1_188' title='bbox 1401 1512 1450 1553; x_wconf 92' lang='lat' dir='ltr'>nos</span> <span class='ocrx_word' id='word_1_189' title='bbox 1464 1499 1603 1566; x_wconf 87' lang='lat' dir='ltr'>babemus,</span> <span class='ocrx_word' id='word_1_190' title='bbox 1618 1501 1676 1556; x_wconf 89' lang='lat' dir='ltr'>sine</span> <span class='ocrx_word' id='word_1_191' title='bbox 1690 1502 1778 1555; x_wconf 79' lang='lat' dir='ltr'>anibi-</span> 
     </span>
     <span class='ocr_line' id='line_1_29' title="bbox 990 1582 1777 1660; baseline 0.013 -26"><span class='ocrx_word' id='word_1_192' title='bbox 990 1582 1089 1650; x_wconf 75' lang='lat' dir='ltr'>gnitatc</span> <span class='ocrx_word' id='word_1_193' title='bbox 1104 1592 1276 1640; x_wconf 86' lang='lat' dir='ltr'>monstratur.</span> <span class='ocrx_word' id='word_1_194' title='bbox 1297 1585 1372 1642; x_wconf 86' lang='lat' dir='ltr'>Nunc</span> <span class='ocrx_word' id='word_1_195' title='bbox 1385 1602 1448 1643; x_wconf 90' lang='lat' dir='ltr'>tero</span> <span class='ocrx_word' id='word_1_196' title='bbox 1460 1590 1581 1658; x_wconf 81' lang='lat' dir='ltr'>quamtis</span> <span class='ocrx_word' id='word_1_197' title='bbox 1594 1591 1678 1658; x_wconf 89' lang='lat' dir='ltr'>ipsam</span> <span class='ocrx_word' id='word_1_198' title='bbox 1694 1592 1777 1660; x_wconf 91' lang='lat' dir='ltr'>pesti·</span> 
     </span>
     <span class='ocr_line' id='line_1_30' title="bbox 991 1670 1778 1749; baseline 0.014 -24"><span class='ocrx_word' id='word_1_199' title='bbox 991 1670 1100 1726; x_wconf 88' lang='lat' dir='ltr'>lentintn</span> <span class='ocrx_word' id='word_1_200' title='bbox 1116 1687 1168 1728; x_wconf 94' lang='lat' dir='ltr'>non</span> <span class='ocrx_word' id='word_1_201' title='bbox 1183 1674 1299 1732; x_wconf 90' lang='lat' dir='ltr'>audeant</span> <span class='ocrx_word' id='word_1_202' title='bbox 1313 1677 1446 1746; x_wconf 79' lang='lat' dir='ltr'>prolatori,</span> <span class='ocrx_word' id='word_1_203' title='bbox 1458 1693 1505 1734; x_wconf 91' lang='lat' dir='ltr'>eos</span> <span class='ocrx_word' id='word_1_204' title='bbox 1518 1689 1606 1733; x_wconf 90' lang='lat' dir='ltr'>tamen</span> <span class='ocrx_word' id='word_1_205' title='bbox 1621 1680 1665 1749; x_wconf 85' lang='lat' dir='ltr'>qui</span> <span class='ocrx_word' id='word_1_206' title='bbox 1681 1680 1778 1736; x_wconf 85' lang='lat' dir='ltr'>talilrus</span> 
     </span>
    </p>
   </div>
   <div class='ocr_carea' id='block_1_5' title="bbox 148 1747 1774 1840">
    <p class='ocr_par' dir='ltr' id='par_1_7' title="bbox 148 1747 1774 1840">
     <span class='ocr_line' id='line_1_31' title="bbox 148 1747 1774 1840; baseline 0.012 -26"><span class='ocrx_word' id='word_1_207' title='bbox 148 1759 210 1816; x_wconf 93' lang='lat' dir='ltr'>liter</span> <span class='ocrx_word' id='word_1_208' title='bbox 224 1762 337 1818; x_wconf 76' lang='lat' dir='ltr'>invicem</span> <span class='ocrx_word' id='word_1_209' title='bbox 353 1765 513 1830; x_wconf 82' lang='lat' dir='ltr'>valeremus,</span> <span class='ocrx_word' id='word_1_210' title='bbox 528 1776 636 1821; x_wconf 89' lang='lat' dir='ltr'>mutuus</span> <span class='ocrx_word' id='word_1_211' title='bbox 648 1782 737 1823; x_wconf 79' lang='lat' dir='ltr'>serino</span> <span class='ocrx_word' id='word_1_212' title='bbox 750 1770 937 1840; x_wconf 83' lang='lat' dir='ltr'>depromeret;</span> <span class='ocrx_word' id='word_1_213' title='bbox 955 1747 1264 1833; x_wconf 65' lang='lat' dir='ltr'>⁸⁰⁰¹¹¹m⁰fllss²l0li¹¹lr</span> <span class='ocrx_word' id='word_1_214' title='bbox 1287 1767 1435 1838; x_wconf 67' lang='lat' dir='ltr'>¹¹l⁰fil⁰sl¹¹e</span> <span class='ocrx_word' id='word_1_215' title='bbox 1458 1769 1605 1824; x_wconf 59' lang='lat' dir='ltr'>mundum</span> <span class='ocrx_word' id='word_1_216' title='bbox 1630 1770 1774 1826; x_wconf 52' lang='lat' dir='ltr'>chabedo·</span> 
     </span>
    </p>
   </div>
   <div class='ocr_carea' id='block_1_6' title="bbox 144 1854 940 3118">
    <p class='ocr_par' dir='ltr' id='par_1_8' title="bbox 144 1854 940 3118">
     <span class='ocr_line' id='line_1_32' title="bbox 148 1854 938 1925; baseline 0.016 -20"><span class='ocrx_word' id='word_1_217' title='bbox 148 1859 285 1919; x_wconf 90' lang='lat' dir='ltr'>postremo</span> <span class='ocrx_word' id='word_1_218' title='bbox 294 1854 317 1908; x_wconf 92' lang='lat' dir='ltr'>si</span> <span class='ocrx_word' id='word_1_219' title='bbox 330 1869 382 1925; x_wconf 85' lang='lat' dir='ltr'>qua</span> <span class='ocrx_word' id='word_1_220' title='bbox 395 1855 428 1910; x_wconf 89' lang='lat' dir='ltr'>de</span> <span class='ocrx_word' id='word_1_221' title='bbox 443 1856 631 1912; x_wconf 89' lang='lat' dir='ltr'>ecclesiasticis</span> <span class='ocrx_word' id='word_1_222' title='bbox 645 1858 785 1915; x_wconf 90' lang='lat' dir='ltr'>relercnda</span> <span class='ocrx_word' id='word_1_223' title='bbox 798 1871 861 1917; x_wconf 89' lang='lat' dir='ltr'>sunt</span> <span class='ocrx_word' id='word_1_224' title='bbox 873 1878 938 1918; x_wconf 90' lang='lat' dir='ltr'>cau-</span> 
     </span>
     <span class='ocr_line' id='line_1_33' title="bbox 147 1940 939 2020; baseline 0.019 -26"><span class='ocrx_word' id='word_1_225' title='bbox 147 1940 205 2006; x_wconf 87' lang='lat' dir='ltr'>sis,</span> <span class='ocrx_word' id='word_1_226' title='bbox 225 1956 284 2012; x_wconf 72' lang='lat' dir='ltr'>quse</span> <span class='ocrx_word' id='word_1_227' title='bbox 304 1954 414 2012; x_wconf 88' lang='lat' dir='ltr'>propter</span> <span class='ocrx_word' id='word_1_228' title='bbox 429 1946 537 2000; x_wconf 90' lang='lat' dir='ltr'>insidias</span> <span class='ocrx_word' id='word_1_229' title='bbox 552 1949 672 2016; x_wconf 88' lang='lat' dir='ltr'>perpetui</span> <span class='ocrx_word' id='word_1_230' title='bbox 687 1949 791 2015; x_wconf 90' lang='lat' dir='ltr'>ltnstis,</span> <span class='ocrx_word' id='word_1_231' title='bbox 812 1954 939 2020; x_wconf 85' lang='lat' dir='ltr'>pastorali</span> 
     </span>
     <span class='ocr_line' id='line_1_34' title="bbox 147 2035 940 2109; baseline 0.019 -23"><span class='ocrx_word' id='word_1_232' title='bbox 147 2041 211 2088; x_wconf 89' lang='lat' dir='ltr'>sunt</span> <span class='ocrx_word' id='word_1_233' title='bbox 221 2035 321 2105; x_wconf 74' lang='lat' dir='ltr'>jupiter</span> <span class='ocrx_word' id='word_1_234' title='bbox 335 2036 573 2105; x_wconf 86' lang='lat' dir='ltr'>circumspicienda</span> <span class='ocrx_word' id='word_1_235' title='bbox 592 2039 726 2107; x_wconf 76' lang='lat' dir='ltr'>vigilantia</span> <span class='ocrx_word' id='word_1_236' title='bbox 740 2079 748 2105; x_wconf 91' lang='lat'>,</span> <span class='ocrx_word' id='word_1_237' title='bbox 768 2042 940 2109; x_wconf 71' lang='lat' dir='ltr'>signilieatio·</span> 
     </span>
     <span class='ocr_line' id='line_1_35' title="bbox 146 2124 939 2202; baseline 0.013 -21"><span class='ocrx_word' id='word_1_238' title='bbox 146 2124 227 2183; x_wconf 85' lang='lat' dir='ltr'>nilttts</span> <span class='ocrx_word' id='word_1_239' title='bbox 239 2128 416 2201; x_wconf 88' lang='lat' dir='ltr'>panderemus</span> <span class='ocrx_word' id='word_1_240' title='bbox 425 2128 545 2184; x_wconf 86' lang='lat' dir='ltr'>alternis.</span> <span class='ocrx_word' id='word_1_241' title='bbox 558 2129 605 2184; x_wconf 88' lang='lat' dir='ltr'>llis</span> <span class='ocrx_word' id='word_1_242' title='bbox 619 2131 699 2200; x_wconf 79' lang='lat' dir='ltr'>igitur</span> <span class='ocrx_word' id='word_1_243' title='bbox 712 2130 814 2187; x_wconf 89' lang='lat' dir='ltr'>incitati</span> <span class='ocrx_word' id='word_1_244' title='bbox 826 2151 872 2202; x_wconf 87' lang='lat' dir='ltr'>per</span> <span class='ocrx_word' id='word_1_245' title='bbox 884 2135 939 2191; x_wconf 89' lang='lat' dir='ltr'>lta·</span> 
     </span>
     <span class='ocr_line' id='line_1_36' title="bbox 147 2219 940 2296; baseline 0.009 -19"><span class='ocrx_word' id='word_1_246' title='bbox 147 2225 216 2277; x_wconf 82' lang='lat' dir='ltr'>trctn</span> <span class='ocrx_word' id='word_1_247' title='bbox 233 2226 261 2274; x_wconf 89' lang='lat' dir='ltr'>et</span> <span class='ocrx_word' id='word_1_248' title='bbox 274 2219 461 2289; x_wconf 87' lang='lat' dir='ltr'>coepiscopum</span> <span class='ocrx_word' id='word_1_249' title='bbox 480 2230 600 2276; x_wconf 89' lang='lat' dir='ltr'>nostrum</span> <span class='ocrx_word' id='word_1_250' title='bbox 623 2221 774 2279; x_wconf 87' lang='lat' dir='ltr'>Ursicinum</span> <span class='ocrx_word' id='word_1_251' title='bbox 796 2230 940 2296; x_wconf 83' lang='lat' dir='ltr'>prasentia</span> 
     </span>
     <span class='ocr_line' id='line_1_37' title="bbox 146 2307 938 2388; baseline 0.018 -24"><span class='ocrx_word' id='word_1_252' title='bbox 146 2307 262 2381; x_wconf 75' lang='lat' dir='ltr'>dirigere</span> <span class='ocrx_word' id='word_1_253' title='bbox 276 2313 374 2383; x_wconf 89' lang='lat' dir='ltr'>scripta</span> <span class='ocrx_word' id='word_1_254' title='bbox 392 2314 561 2381; x_wconf 82' lang='lat' dir='ltr'>curavimus,</span> <span class='ocrx_word' id='word_1_255' title='bbox 583 2328 721 2384; x_wconf 87' lang='lat' dir='ltr'>praeeunte</span> <span class='ocrx_word' id='word_1_256' title='bbox 737 2321 820 2388; x_wconf 75' lang='lat' dir='ltr'>gratia</span> <span class='ocrx_word' id='word_1_257' title='bbox 840 2323 938 2378; x_wconf 85' lang='lat' dir='ltr'>saluta·</span> 
     </span>
     <span class='ocr_line' id='line_1_38' title="bbox 146 2400 938 2475; baseline 0.018 -18"><span class='ocrx_word' id='word_1_258' title='bbox 146 2400 242 2468; x_wconf 89' lang='lat' dir='ltr'>ticnis,</span> <span class='ocrx_word' id='word_1_259' title='bbox 257 2412 366 2460; x_wconf 88' lang='lat' dir='ltr'>orantes</span> <span class='ocrx_word' id='word_1_260' title='bbox 380 2413 408 2460; x_wconf 92' lang='lat' dir='ltr'>nt</span> <span class='ocrx_word' id='word_1_261' title='bbox 421 2406 626 2475; x_wconf 74' lang='lat' dir='ltr'>magnanimiter</span> <span class='ocrx_word' id='word_1_262' title='bbox 638 2409 737 2464; x_wconf 75' lang='lat' dir='ltr'>anxilio</span> <span class='ocrx_word' id='word_1_263' title='bbox 752 2410 856 2466; x_wconf 89' lang='lat' dir='ltr'>Domini</span> <span class='ocrx_word' id='word_1_264' title='bbox 870 2415 938 2470; x_wconf 89' lang='lat' dir='ltr'>tole-</span> 
     </span>
     <span class='ocr_line' id='line_1_39' title="bbox 145 2491 938 2572; baseline 0.015 -24"><span class='ocrx_word' id='word_1_265' title='bbox 145 2491 232 2549; x_wconf 83' lang='lat' dir='ltr'>rando</span> <span class='ocrx_word' id='word_1_266' title='bbox 251 2508 340 2550; x_wconf 90' lang='lat' dir='ltr'>rerum</span> <span class='ocrx_word' id='word_1_267' title='bbox 361 2497 556 2551; x_wconf 86' lang='lat' dir='ltr'>transeuntium</span> <span class='ocrx_word' id='word_1_268' title='bbox 578 2499 751 2568; x_wconf 81' lang='lat' dir='ltr'>vastitatem,</span> <span class='ocrx_word' id='word_1_269' title='bbox 774 2503 859 2572; x_wconf 75' lang='lat' dir='ltr'>magis</span> <span class='ocrx_word' id='word_1_270' title='bbox 878 2518 938 2560; x_wconf 88' lang='lat' dir='ltr'>esse</span> 
     </span>
     <span class='ocr_line' id='line_1_40' title="bbox 145 2583 937 2662; baseline 0.014 -21"><span class='ocrx_word' id='word_1_271' title='bbox 145 2583 291 2642; x_wconf 88' lang='lat' dir='ltr'>debeamus</span> <span class='ocrx_word' id='word_1_272' title='bbox 305 2589 417 2654; x_wconf 90' lang='lat' dir='ltr'>attenti,</span> <span class='ocrx_word' id='word_1_273' title='bbox 438 2604 490 2656; x_wconf 89' lang='lat' dir='ltr'>ne,</span> <span class='ocrx_word' id='word_1_274' title='bbox 505 2591 574 2659; x_wconf 87' lang='lat' dir='ltr'>quod</span> <span class='ocrx_word' id='word_1_275' title='bbox 591 2592 679 2659; x_wconf 88' lang='lat' dir='ltr'>absit,</span> <span class='ocrx_word' id='word_1_276' title='bbox 694 2605 829 2662; x_wconf 79' lang='lat' dir='ltr'>perpetua</span> <span class='ocrx_word' id='word_1_277' title='bbox 842 2595 937 2652; x_wconf 89' lang='lat' dir='ltr'>subea-</span> 
     </span>
     <span class='ocr_line' id='line_1_41' title="bbox 144 2678 938 2752; baseline 0.013 -19"><span class='ocrx_word' id='word_1_278' title='bbox 144 2692 206 2734; x_wconf 88' lang='lat' dir='ltr'>mtts</span> <span class='ocrx_word' id='word_1_279' title='bbox 220 2678 281 2733; x_wconf 74' lang='lat' dir='ltr'>titas</span> <span class='ocrx_word' id='word_1_280' title='bbox 295 2678 472 2749; x_wconf 89' lang='lat' dir='ltr'>dispendium.</span> <span class='ocrx_word' id='word_1_281' title='bbox 488 2679 656 2752; x_wconf 82' lang='lat' dir='ltr'>Proindeqne</span> <span class='ocrx_word' id='word_1_282' title='bbox 670 2683 809 2740; x_wconf 81' lang='lat' dir='ltr'>catlrolicac</span> <span class='ocrx_word' id='word_1_283' title='bbox 819 2688 938 2743; x_wconf 77' lang='lat' dir='ltr'>veritatis</span> 
     </span>
     <span class='ocr_line' id='line_1_42' title="bbox 144 2769 938 2847; baseline 0.009 -22"><span class='ocrx_word' id='word_1_284' title='bbox 144 2769 231 2840; x_wconf 86' lang='lat' dir='ltr'>poscit</span> <span class='ocrx_word' id='word_1_285' title='bbox 243 2770 343 2825; x_wconf 86' lang='lat' dir='ltr'>utilitas</span> <span class='ocrx_word' id='word_1_286' title='bbox 358 2771 553 2841; x_wconf 75' lang='lat' dir='ltr'>praecavenda,</span> <span class='ocrx_word' id='word_1_287' title='bbox 570 2774 677 2829; x_wconf 88' lang='lat' dir='ltr'>dilectio</span> <span class='ocrx_word' id='word_1_288' title='bbox 693 2784 781 2830; x_wconf 87' lang='lat' dir='ltr'>restra</span> <span class='ocrx_word' id='word_1_289' title='bbox 801 2777 938 2847; x_wconf 81' lang='lat' dir='ltr'>paulisper</span> 
     </span>
     <span class='ocr_line' id='line_1_43' title="bbox 145 2859 937 2934; baseline 0.01 -19"><span class='ocrx_word' id='word_1_290' title='bbox 145 2859 274 2917; x_wconf 83' lang='lat' dir='ltr'>advertat.</span> <span class='ocrx_word' id='word_1_291' title='bbox 299 2860 377 2930; x_wconf 72' lang='lat' dir='ltr'>tlpnd</span> <span class='ocrx_word' id='word_1_292' title='bbox 405 2861 536 2929; x_wconf 80' lang='lat' dir='ltr'>Graecos,</span> <span class='ocrx_word' id='word_1_293' title='bbox 561 2864 656 2934; x_wconf 84' lang='lat' dir='ltr'>quibus</span> <span class='ocrx_word' id='word_1_294' title='bbox 691 2866 787 2921; x_wconf 89' lang='lat' dir='ltr'>multas</span> <span class='ocrx_word' id='word_1_295' title='bbox 821 2866 937 2923; x_wconf 81' lang='lat' dir='ltr'>haereses</span> 
     </span>
     <span class='ocr_line' id='line_1_44' title="bbox 144 2951 937 3030; baseline 0.011 -25"><span class='ocrx_word' id='word_1_296' title='bbox 144 2951 282 3008; x_wconf 83' lang='lat' dir='ltr'>abundare</span> <span class='ocrx_word' id='word_1_297' title='bbox 296 2969 351 3007; x_wconf 93' lang='lat' dir='ltr'>non</span> <span class='ocrx_word' id='word_1_298' title='bbox 365 2954 474 3009; x_wconf 90' lang='lat' dir='ltr'>dubium</span> <span class='ocrx_word' id='word_1_299' title='bbox 488 2965 544 3023; x_wconf 88' lang='lat' dir='ltr'>est,</span> <span class='ocrx_word' id='word_1_300' title='bbox 557 2957 612 3026; x_wconf 85' lang='lat' dir='ltr'>jam</span> <span class='ocrx_word' id='word_1_301' title='bbox 631 2966 692 3012; x_wconf 91' lang='lat' dir='ltr'>ante</span> <span class='ocrx_word' id='word_1_302' title='bbox 706 2959 858 3014; x_wconf 87' lang='lat' dir='ltr'>annosiore</span> <span class='ocrx_word' id='word_1_303' title='bbox 872 2976 937 3030; x_wconf 81' lang='lat' dir='ltr'>orta·</span> 
     </span>
     <span class='ocr_line' id='line_1_45' title="bbox 147 3036 937 3118; baseline 0.013 -20"><span class='ocrx_word' id='word_1_304' title='bbox 147 3036 268 3115; x_wconf 71' lang='lat' dir='ltr'>draginta</span> <span class='ocrx_word' id='word_1_305' title='bbox 283 3057 309 3101; x_wconf 92' lang='lat' dir='ltr'>et</span> <span class='ocrx_word' id='word_1_306' title='bbox 322 3047 482 3118; x_wconf 84' lang='lat' dir='ltr'>qrtinqnede</span> <span class='ocrx_word' id='word_1_307' title='bbox 496 3047 601 3105; x_wconf 86' lang='lat' dir='ltr'>Domini</span> <span class='ocrx_word' id='word_1_308' title='bbox 611 3052 693 3106; x_wconf 89' lang='lat' dir='ltr'>nostri</span> <span class='ocrx_word' id='word_1_309' title='bbox 705 3051 882 3108; x_wconf 84' lang='lat' dir='ltr'>etSalratotis</span> <span class='ocrx_word' id='word_1_310' title='bbox 896 3054 937 3108; x_wconf 90' lang='lat' dir='ltr'>in·</span> 
     </span>
    </p>
   </div>
   <div class='ocr_carea' id='block_1_7' title="bbox 988 1853 1779 3119">
    <p class='ocr_par' dir='ltr' id='par_1_9' title="bbox 988 1853 1779 3119">
     <span class='ocr_line' id='line_1_46' title="bbox 991 1853 1778 1929; baseline 0.011 -23"><span class='ocrx_word' id='word_1_311' title='bbox 991 1853 1083 1909; x_wconf 89' lang='lat' dir='ltr'>nensis</span> <span class='ocrx_word' id='word_1_312' title='bbox 1103 1853 1210 1910; x_wconf 81' lang='lat' dir='ltr'>decreta</span> <span class='ocrx_word' id='word_1_313' title='bbox 1233 1857 1339 1912; x_wconf 88' lang='lat' dir='ltr'>coneilii</span> <span class='ocrx_word' id='word_1_314' title='bbox 1361 1859 1395 1913; x_wconf 92' lang='lat' dir='ltr'>ab</span> <span class='ocrx_word' id='word_1_315' title='bbox 1412 1859 1558 1929; x_wconf 90' lang='lat' dir='ltr'>apostolica</span> <span class='ocrx_word' id='word_1_316' title='bbox 1574 1861 1637 1916; x_wconf 89' lang='lat' dir='ltr'>sede</span> <span class='ocrx_word' id='word_1_317' title='bbox 1660 1861 1778 1917; x_wconf 80' lang='lat' dir='ltr'>damnati</span> 
     </span>
     <span class='ocr_line' id='line_1_47' title="bbox 990 1947 1776 2020; baseline 0.009 -20"><span class='ocrx_word' id='word_1_318' title='bbox 990 1956 1073 2017; x_wconf 90' lang='lat' dir='ltr'>sunt,</span> <span class='ocrx_word' id='word_1_319' title='bbox 1096 1947 1276 2018; x_wconf 76' lang='lat' dir='ltr'>obstinatique</span> <span class='ocrx_word' id='word_1_320' title='bbox 1297 1950 1324 2004; x_wconf 90' lang='lat' dir='ltr'>in</span> <span class='ocrx_word' id='word_1_321' title='bbox 1346 1949 1440 2007; x_wconf 88' lang='lat' dir='ltr'>eadem</span> <span class='ocrx_word' id='word_1_322' title='bbox 1459 1951 1630 2008; x_wconf 88' lang='lat' dir='ltr'>damnatione</span> <span class='ocrx_word' id='word_1_323' title='bbox 1648 1952 1776 2020; x_wconf 73' lang='lat' dir='ltr'>defuncti,</span> 
     </span>
     <span class='ocr_line' id='line_1_48' title="bbox 990 2038 1777 2110; baseline 0.009 -17"><span class='ocrx_word' id='word_1_324' title='bbox 990 2038 1142 2106; x_wconf 90' lang='lat' dir='ltr'>pernicioso</span> <span class='ocrx_word' id='word_1_325' title='bbox 1157 2040 1246 2096; x_wconf 79' lang='lat' dir='ltr'>littore</span> <span class='ocrx_word' id='word_1_326' title='bbox 1265 2041 1426 2110; x_wconf 89' lang='lat' dir='ltr'>delendunt,</span> <span class='ocrx_word' id='word_1_327' title='bbox 1440 2051 1467 2100; x_wconf 87' lang='lat' dir='ltr'>st</span> <span class='ocrx_word' id='word_1_328' title='bbox 1487 2058 1580 2100; x_wconf 92' lang='lat' dir='ltr'>eorum</span> <span class='ocrx_word' id='word_1_329' title='bbox 1594 2046 1777 2102; x_wconf 88' lang='lat' dir='ltr'>recitationem</span> 
     </span>
     <span class='ocr_line' id='line_1_49' title="bbox 992 2130 1775 2206; baseline 0.003 -20"><span class='ocrx_word' id='word_1_330' title='bbox 992 2130 1119 2188; x_wconf 72' lang='lat' dir='ltr'>Ecclesiae</span> <span class='ocrx_word' id='word_1_331' title='bbox 1131 2133 1271 2190; x_wconf 75' lang='lat' dir='ltr'>catholicae</span> <span class='ocrx_word' id='word_1_332' title='bbox 1283 2135 1429 2192; x_wconf 91' lang='lat' dir='ltr'>moliuntur</span> <span class='ocrx_word' id='word_1_333' title='bbox 1443 2137 1572 2206; x_wconf 80' lang='lat' dir='ltr'>ingerere.</span> <span class='ocrx_word' id='word_1_334' title='bbox 1586 2136 1662 2204; x_wconf 82' lang='lat' dir='ltr'>Quod</span> <span class='ocrx_word' id='word_1_335' title='bbox 1675 2137 1775 2203; x_wconf 77' lang='lat' dir='ltr'>utiquc,</span> 
     </span>
     <span class='ocr_line' id='line_1_50' title="bbox 989 2222 1775 2299; baseline 0.009 -23"><span class='ocrx_word' id='word_1_336' title='bbox 989 2222 1060 2291; x_wconf 81' lang='lat' dir='ltr'>qnod</span> <span class='ocrx_word' id='word_1_337' title='bbox 1076 2223 1155 2292; x_wconf 88' lang='lat' dir='ltr'>absit,</span> <span class='ocrx_word' id='word_1_338' title='bbox 1169 2227 1294 2295; x_wconf 87' lang='lat' dir='ltr'>receptis,</span> <span class='ocrx_word' id='word_1_339' title='bbox 1310 2227 1389 2282; x_wconf 88' lang='lat' dir='ltr'>etiarn</span> <span class='ocrx_word' id='word_1_340' title='bbox 1404 2229 1554 2299; x_wconf 77' lang='lat' dir='ltr'>contagium</span> <span class='ocrx_word' id='word_1_341' title='bbox 1573 2229 1721 2298; x_wconf 82' lang='lat' dir='ltr'>pravitatis,</span> <span class='ocrx_word' id='word_1_342' title='bbox 1733 2229 1775 2283; x_wconf 88' lang='lat' dir='ltr'>cni</span> 
     </span>
     <span class='ocr_line' id='line_1_51' title="bbox 988 2317 1774 2390; baseline 0.009 -22"><span class='ocrx_word' id='word_1_343' title='bbox 988 2326 1019 2369; x_wconf 91' lang='lat' dir='ltr'>so</span> <span class='ocrx_word' id='word_1_344' title='bbox 1037 2317 1225 2374; x_wconf 88' lang='lat' dir='ltr'>communione</span> <span class='ocrx_word' id='word_1_345' title='bbox 1241 2318 1391 2388; x_wconf 86' lang='lat' dir='ltr'>sociarunt,</span> <span class='ocrx_word' id='word_1_346' title='bbox 1406 2330 1601 2390; x_wconf 83' lang='lat' dir='ltr'>consequenter</span> <span class='ocrx_word' id='word_1_347' title='bbox 1620 2321 1774 2385; x_wconf 82' lang='lat' dir='ltr'>incurritur,</span> 
     </span>
     <span class='ocr_line' id='line_1_52' title="bbox 988 2407 1777 2482; baseline 0.006 -21"><span class='ocrx_word' id='word_1_348' title='bbox 988 2407 1211 2476; x_wconf 81' lang='lat' dir='ltr'>quemadmodum</span> <span class='ocrx_word' id='word_1_349' title='bbox 1223 2411 1309 2482; x_wconf 84' lang='lat' dir='ltr'>(quod</span> <span class='ocrx_word' id='word_1_350' title='bbox 1329 2410 1456 2467; x_wconf 89' lang='lat' dir='ltr'>Dominus</span> <span class='ocrx_word' id='word_1_351' title='bbox 1476 2413 1605 2481; x_wconf 83' lang='lat' dir='ltr'>avertatl)</span> <span class='ocrx_word' id='word_1_352' title='bbox 1626 2413 1649 2466; x_wconf 90' lang='lat' dir='ltr'>si</span> <span class='ocrx_word' id='word_1_353' title='bbox 1665 2413 1719 2466; x_wconf 73' lang='lat' dir='ltr'>bril</span> <span class='ocrx_word' id='word_1_354' title='bbox 1734 2412 1777 2467; x_wconf 90' lang='lat' dir='ltr'>vel</span> 
     </span>
     <span class='ocr_line' id='line_1_53' title="bbox 989 2499 1777 2570; baseline 0.005 -16"><span class='ocrx_word' id='word_1_355' title='bbox 989 2499 1132 2570; x_wconf 79' lang='lat' dir='ltr'>cujuslibet</span> <span class='ocrx_word' id='word_1_356' title='bbox 1152 2500 1272 2558; x_wconf 85' lang='lat' dir='ltr'>haeretici</span> <span class='ocrx_word' id='word_1_357' title='bbox 1297 2502 1331 2557; x_wconf 93' lang='lat' dir='ltr'>ad</span> <span class='ocrx_word' id='word_1_358' title='bbox 1358 2503 1563 2558; x_wconf 89' lang='lat' dir='ltr'>ecelesiasticam</span> <span class='ocrx_word' id='word_1_359' title='bbox 1595 2503 1777 2558; x_wconf 90' lang='lat' dir='ltr'>recitationem</span> 
     </span>
     <span class='ocr_line' id='line_1_54' title="bbox 989 2593 1777 2663; baseline 0.008 -21"><span class='ocrx_word' id='word_1_360' title='bbox 989 2605 1087 2646; x_wconf 85' lang='lat' dir='ltr'>ttamen</span> <span class='ocrx_word' id='word_1_361' title='bbox 1101 2593 1265 2663; x_wconf 88' lang='lat' dir='ltr'>admittitur,</span> <span class='ocrx_word' id='word_1_362' title='bbox 1285 2593 1408 2649; x_wconf 90' lang='lat' dir='ltr'>simulet</span> <span class='ocrx_word' id='word_1_363' title='bbox 1428 2595 1592 2649; x_wconf 86' lang='lat' dir='ltr'>consortium</span> <span class='ocrx_word' id='word_1_364' title='bbox 1613 2593 1777 2649; x_wconf 87' lang='lat' dir='ltr'>detestabilis</span> 
     </span>
     <span class='ocr_line' id='line_1_55' title="bbox 988 2683 1779 2755; baseline 0.004 -19"><span class='ocrx_word' id='word_1_365' title='bbox 988 2683 1089 2736; x_wconf 88' lang='lat' dir='ltr'>erroris</span> <span class='ocrx_word' id='word_1_366' title='bbox 1102 2685 1257 2740; x_wconf 74' lang='lat' dir='ltr'>assumitur.</span> <span class='ocrx_word' id='word_1_367' title='bbox 1271 2684 1347 2741; x_wconf 87' lang='lat' dir='ltr'>Unde</span> <span class='ocrx_word' id='word_1_368' title='bbox 1361 2686 1421 2755; x_wconf 83' lang='lat' dir='ltr'>qnia</span> <span class='ocrx_word' id='word_1_369' title='bbox 1436 2700 1555 2742; x_wconf 86' lang='lat' dir='ltr'>errorem</span> <span class='ocrx_word' id='word_1_370' title='bbox 1571 2685 1677 2755; x_wconf 83' lang='lat' dir='ltr'>quidem</span> <span class='ocrx_word' id='word_1_371' title='bbox 1694 2685 1779 2739; x_wconf 88' lang='lat' dir='ltr'>laten·</span> 
     </span>
     <span class='ocr_line' id='line_1_56' title="bbox 989 2772 1776 2844; baseline 0.003 -19"><span class='ocrx_word' id='word_1_372' title='bbox 989 2778 1046 2836; x_wconf 92' lang='lat' dir='ltr'>tur,</span> <span class='ocrx_word' id='word_1_373' title='bbox 1066 2772 1115 2831; x_wconf 86' lang='lat' dir='ltr'>scd</span> <span class='ocrx_word' id='word_1_374' title='bbox 1135 2789 1165 2828; x_wconf 83' lang='lat' dir='ltr'>ea</span> <span class='ocrx_word' id='word_1_375' title='bbox 1190 2774 1241 2829; x_wconf 90' lang='lat' dir='ltr'>sibl</span> <span class='ocrx_word' id='word_1_376' title='bbox 1263 2784 1356 2844; x_wconf 89' lang='lat' dir='ltr'>potant</span> <span class='ocrx_word' id='word_1_377' title='bbox 1378 2777 1594 2831; x_wconf 88' lang='lat' dir='ltr'>communionem</span> <span class='ocrx_word' id='word_1_378' title='bbox 1618 2775 1776 2829; x_wconf 86' lang='lat' dir='ltr'>catholicam</span> 
     </span>
     <span class='ocr_line' id='line_1_57' title="bbox 988 2863 1777 2936; baseline -0.001 -18"><span class='ocrx_word' id='word_1_379' title='bbox 988 2863 1142 2920; x_wconf 89' lang='lat' dir='ltr'>conditione</span> <span class='ocrx_word' id='word_1_380' title='bbox 1158 2865 1310 2931; x_wconf 89' lang='lat' dir='ltr'>laxandam,</span> <span class='ocrx_word' id='word_1_381' title='bbox 1324 2873 1353 2920; x_wconf 92' lang='lat' dir='ltr'>nt</span> <span class='ocrx_word' id='word_1_382' title='bbox 1364 2867 1471 2921; x_wconf 91' lang='lat' dir='ltr'>nomina</span> <span class='ocrx_word' id='word_1_383' title='bbox 1485 2880 1578 2921; x_wconf 90' lang='lat' dir='ltr'>eorum</span> <span class='ocrx_word' id='word_1_384' title='bbox 1592 2863 1637 2936; x_wconf 89' lang='lat' dir='ltr'>qni</span> <span class='ocrx_word' id='word_1_385' title='bbox 1653 2866 1777 2935; x_wconf 71' lang='lat' dir='ltr'>pravari-</span> 
     </span>
     <span class='ocr_line' id='line_1_58' title="bbox 988 2953 1777 3020; baseline 0.001 -13"><span class='ocrx_word' id='word_1_386' title='bbox 988 2953 1040 3007; x_wconf 89' lang='lat' dir='ltr'>cati</span> <span class='ocrx_word' id='word_1_387' title='bbox 1055 2963 1116 3009; x_wconf 87' lang='lat' dir='ltr'>sunt</span> <span class='ocrx_word' id='word_1_388' title='bbox 1130 2954 1184 3008; x_wconf 84' lang='lat' dir='ltr'>illis</span> <span class='ocrx_word' id='word_1_389' title='bbox 1199 2956 1226 3009; x_wconf 95' lang='lat' dir='ltr'>in</span> <span class='ocrx_word' id='word_1_390' title='bbox 1241 2957 1353 3011; x_wconf 85' lang='lat' dir='ltr'>ecclesia</span> <span class='ocrx_word' id='word_1_391' title='bbox 1376 2957 1489 3012; x_wconf 87' lang='lat' dir='ltr'>recitare</span> <span class='ocrx_word' id='word_1_392' title='bbox 1503 2955 1538 3011; x_wconf 90' lang='lat' dir='ltr'>sit</span> <span class='ocrx_word' id='word_1_393' title='bbox 1551 2956 1667 3020; x_wconf 88' lang='lat' dir='ltr'>licitum,</span> <span class='ocrx_word' id='word_1_394' title='bbox 1683 2965 1711 3011; x_wconf 92' lang='lat' dir='ltr'>et</span> <span class='ocrx_word' id='word_1_395' title='bbox 1725 2972 1777 3011; x_wconf 92' lang='lat' dir='ltr'>non</span> 
     </span>
     <span class='ocr_line' id='line_1_59' title="bbox 990 3045 1778 3119; baseline 0.005 -22"><span class='ocrx_word' id='word_1_396' title='bbox 990 3054 1042 3098; x_wconf 90' lang='lat' dir='ltr'>tarn</span> <span class='ocrx_word' id='word_1_397' title='bbox 1060 3045 1110 3116; x_wconf 90' lang='lat' dir='ltr'>ipsi</span> <span class='ocrx_word' id='word_1_398' title='bbox 1125 3048 1260 3117; x_wconf 74' lang='lat' dir='ltr'>corrigere</span> <span class='ocrx_word' id='word_1_399' title='bbox 1275 3063 1354 3119; x_wconf 86' lang='lat' dir='ltr'>qrtatn</span> <span class='ocrx_word' id='word_1_400' title='bbox 1369 3047 1550 3103; x_wconf 86' lang='lat' dir='ltr'>sinceritatem</span> <span class='ocrx_word' id='word_1_401' title='bbox 1564 3046 1721 3102; x_wconf 85' lang='lat' dir='ltr'>catholicam</span> <span class='ocrx_word' id='word_1_402' title='bbox 1738 3049 1778 3101; x_wconf 88' lang='lat' dir='ltr'>in-</span> 
     </span>
    </p>
   </div>
   <div class='ocr_carea' id='block_1_8' title="bbox 142 3111 1777 4217">
    <p class='ocr_par' dir='ltr' id='par_1_10' title="bbox 142 3111 1777 4217">
     <span class='ocr_line' id='line_1_60' title="bbox 144 3111 1776 3214; baseline 0.001 -25"><span class='ocrx_word' id='word_1_403' title='bbox 144 3136 302 3192; x_wconf 87' lang='lat' dir='ltr'>carnatione</span> <span class='ocrx_word' id='word_1_404' title='bbox 316 3146 377 3192; x_wconf 91' lang='lat' dir='ltr'>nata</span> <span class='ocrx_word' id='word_1_405' title='bbox 391 3139 611 3211; x_wconf 78' lang='lat' dir='ltr'>conquaestioest</span> <span class='ocrx_word' id='word_1_406' title='bbox 638 3160 644 3194; x_wconf 79' lang='grc' dir='ltr'>ι</span> <span class='ocrx_word' id='word_1_407' title='bbox 671 3141 789 3213; x_wconf 81' lang='lat' dir='ltr'>Eutyclte</span> <span class='ocrx_word' id='word_1_408' title='bbox 802 3111 973 3214; x_wconf 73' lang='lat' dir='ltr'>quandamc</span> <span class='ocrx_word' id='word_1_409' title='bbox 989 3134 1069 3191; x_wconf 82' lang='lat' dir='ltr'>lacere</span> <span class='ocrx_word' id='word_1_410' title='bbox 1092 3140 1212 3191; x_wconf 91' lang='lat' dir='ltr'>nitantur</span> <span class='ocrx_word' id='word_1_411' title='bbox 1238 3139 1362 3207; x_wconf 77' lang='lat' dir='ltr'>contagio</span> <span class='ocrx_word' id='word_1_412' title='bbox 1389 3137 1575 3207; x_wconf 86' lang='lat' dir='ltr'>pcrtidorum;</span> <span class='ocrx_word' id='word_1_413' title='bbox 1607 3137 1776 3192; x_wconf 84' lang='lat' dir='ltr'>dilectionem</span> 
     </span>
     <span class='ocr_line' id='line_1_61' title="bbox 144 3227 1777 3304; baseline -0.001 -20"><span class='ocrx_word' id='word_1_414' title='bbox 144 3227 299 3300; x_wconf 77' lang='lat' dir='ltr'>presbytero</span> <span class='ocrx_word' id='word_1_415' title='bbox 317 3228 614 3304; x_wconf 87' lang='lat' dir='ltr'>Constantinopolitano</span> <span class='ocrx_word' id='word_1_416' title='bbox 629 3233 655 3288; x_wconf 90' lang='lat' dir='ltr'>itt</span> <span class='ocrx_word' id='word_1_417' title='bbox 678 3232 859 3302; x_wconf 80' lang='lat' dir='ltr'>blasphemias</span> <span class='ocrx_word' id='word_1_418' title='bbox 875 3250 936 3303; x_wconf 88' lang='lat' dir='ltr'>pro·</span> <span class='ocrx_word' id='word_1_419' title='bbox 988 3237 1103 3283; x_wconf 89' lang='lat' dir='ltr'>vestram</span> <span class='ocrx_word' id='word_1_420' title='bbox 1118 3227 1242 3283; x_wconf 84' lang='lat' dir='ltr'>iraternm</span> <span class='ocrx_word' id='word_1_421' title='bbox 1255 3229 1374 3284; x_wconf 88' lang='lat' dir='ltr'>caritatis</span> <span class='ocrx_word' id='word_1_422' title='bbox 1389 3228 1484 3289; x_wconf 83' lang='lat' dir='ltr'>adactu</span> <span class='ocrx_word' id='word_1_423' title='bbox 1499 3243 1555 3295; x_wconf 41' lang='lat' dir='ltr'>non,</span> <span class='ocrx_word' id='word_1_424' title='bbox 1567 3227 1716 3283; x_wconf 88' lang='lat' dir='ltr'>destitimus</span> <span class='ocrx_word' id='word_1_425' title='bbox 1730 3229 1777 3282; x_wconf 89' lang='lat' dir='ltr'>ad·</span> 
     </span>
     <span class='ocr_line' id='line_1_62' title="bbox 143 3319 1777 3394; baseline 0.001 -21"><span class='ocrx_word' id='word_1_426' title='bbox 143 3325 256 3388; x_wconf 82' lang='lat' dir='ltr'>rttcnle,</span> <span class='ocrx_word' id='word_1_427' title='bbox 270 3335 318 3391; x_wconf 83' lang='lat' dir='ltr'>por</span> <span class='ocrx_word' id='word_1_428' title='bbox 331 3336 397 3391; x_wconf 80' lang='lat' dir='ltr'>unas</span> <span class='ocrx_word' id='word_1_429' title='bbox 415 3322 516 3378; x_wconf 90' lang='lat' dir='ltr'>diceret</span> <span class='ocrx_word' id='word_1_430' title='bbox 530 3337 609 3376; x_wconf 83' lang='lat' dir='ltr'>natam</span> <span class='ocrx_word' id='word_1_431' title='bbox 626 3324 824 3393; x_wconf 90' lang='lat' dir='ltr'>tantummodo,</span> <span class='ocrx_word' id='word_1_432' title='bbox 843 3325 868 3379; x_wconf 91' lang='lat' dir='ltr'>id</span> <span class='ocrx_word' id='word_1_433' title='bbox 883 3336 934 3394; x_wconf 90' lang='lat' dir='ltr'>est,</span> <span class='ocrx_word' id='word_1_434' title='bbox 987 3335 1108 3387; x_wconf 88' lang='lat' dir='ltr'>monere,</span> <span class='ocrx_word' id='word_1_435' title='bbox 1121 3329 1150 3375; x_wconf 92' lang='lat' dir='ltr'>ut</span> <span class='ocrx_word' id='word_1_436' title='bbox 1160 3321 1181 3375; x_wconf 88' lang='lat' dir='ltr'>si</span> <span class='ocrx_word' id='word_1_437' title='bbox 1193 3320 1237 3391; x_wconf 83' lang='lat' dir='ltr'>qui</span> <span class='ocrx_word' id='word_1_438' title='bbox 1250 3320 1311 3374; x_wconf 85' lang='lat' dir='ltr'>talia</span> <span class='ocrx_word' id='word_1_439' title='bbox 1325 3321 1489 3375; x_wconf 90' lang='lat' dir='ltr'>seminantes</span> <span class='ocrx_word' id='word_1_440' title='bbox 1499 3319 1531 3372; x_wconf 90' lang='lat' dir='ltr'>ad</span> <span class='ocrx_word' id='word_1_441' title='bbox 1542 3329 1644 3373; x_wconf 74' lang='lat' dir='ltr'>nesras</span> <span class='ocrx_word' id='word_1_442' title='bbox 1655 3320 1777 3389; x_wconf 74' lang='lat' dir='ltr'>regiones</span> 
     </span>
     <span class='ocr_line' id='line_1_63' title="bbox 144 3409 1774 3480; baseline -0.001 -14"><span class='ocrx_word' id='word_1_443' title='bbox 144 3410 229 3467; x_wconf 83' lang='lat' dir='ltr'>solam</span> <span class='ocrx_word' id='word_1_444' title='bbox 245 3411 397 3467; x_wconf 83' lang='lat' dir='ltr'>Divinitatis</span> <span class='ocrx_word' id='word_1_445' title='bbox 411 3421 548 3478; x_wconf 87' lang='lat' dir='ltr'>naturam,</span> <span class='ocrx_word' id='word_1_446' title='bbox 565 3414 622 3469; x_wconf 84' lang='lat' dir='ltr'>sire</span> <span class='ocrx_word' id='word_1_447' title='bbox 644 3413 820 3470; x_wconf 87' lang='lat' dir='ltr'>substantiam</span> <span class='ocrx_word' id='word_1_448' title='bbox 843 3416 868 3469; x_wconf 91' lang='lat' dir='ltr'>in</span> <span class='ocrx_word' id='word_1_449' title='bbox 884 3416 936 3471; x_wconf 87' lang='lat' dir='ltr'>Do·</span> <span class='ocrx_word' id='word_1_450' title='bbox 987 3410 1055 3465; x_wconf 85' lang='lat' dir='ltr'>lortc</span> <span class='ocrx_word' id='word_1_451' title='bbox 1070 3412 1256 3480; x_wconf 79' lang='lat' dir='ltr'>pert-onerist,</span> <span class='ocrx_word' id='word_1_452' title='bbox 1274 3410 1361 3466; x_wconf 90' lang='lat' dir='ltr'>modis</span> <span class='ocrx_word' id='word_1_453' title='bbox 1381 3409 1504 3465; x_wconf 89' lang='lat' dir='ltr'>omnibns</span> <span class='ocrx_word' id='word_1_454' title='bbox 1523 3409 1707 3477; x_wconf 83' lang='lat' dir='ltr'>excludantur,</span> <span class='ocrx_word' id='word_1_455' title='bbox 1725 3427 1774 3466; x_wconf 88' lang='lat' dir='ltr'>vo-</span> 
     </span>
     <span class='ocr_line' id='line_1_64' title="bbox 144 3501 1775 3574; baseline -0.001 -16"><span class='ocrx_word' id='word_1_456' title='bbox 144 3503 218 3558; x_wconf 88' lang='lat' dir='ltr'>mino</span> <span class='ocrx_word' id='word_1_457' title='bbox 229 3501 291 3559; x_wconf 90' lang='lat' dir='ltr'>lesu</span> <span class='ocrx_word' id='word_1_458' title='bbox 304 3502 411 3558; x_wconf 84' lang='lat' dir='ltr'>cbristo</span> <span class='ocrx_word' id='word_1_459' title='bbox 423 3504 534 3560; x_wconf 85' lang='lat' dir='ltr'>credere</span> <span class='ocrx_word' id='word_1_460' title='bbox 549 3519 597 3558; x_wconf 90' lang='lat' dir='ltr'>nos</span> <span class='ocrx_word' id='word_1_461' title='bbox 609 3504 720 3570; x_wconf 88' lang='lat' dir='ltr'>debere,</span> <span class='ocrx_word' id='word_1_462' title='bbox 731 3516 863 3574; x_wconf 73' lang='lat' dir='ltr'>susceptae</span> <span class='ocrx_word' id='word_1_463' title='bbox 877 3522 936 3562; x_wconf 83' lang='lat' dir='ltr'>car·</span> <span class='ocrx_word' id='word_1_464' title='bbox 988 3503 1080 3573; x_wconf 82' lang='lat' dir='ltr'>blsque</span> <span class='ocrx_word' id='word_1_465' title='bbox 1091 3518 1151 3558; x_wconf 86' lang='lat' dir='ltr'>eunt</span> <span class='ocrx_word' id='word_1_466' title='bbox 1163 3504 1227 3558; x_wconf 87' lang='lat' dir='ltr'>sede</span> <span class='ocrx_word' id='word_1_467' title='bbox 1240 3503 1309 3558; x_wconf 91' lang='lat' dir='ltr'>beati</span> <span class='ocrx_word' id='word_1_468' title='bbox 1323 3501 1437 3573; x_wconf 88' lang='lat' dir='ltr'>apostoli</span> <span class='ocrx_word' id='word_1_469' title='bbox 1451 3501 1534 3567; x_wconf 80' lang='lat' dir='ltr'>Petri,</span> <span class='ocrx_word' id='word_1_470' title='bbox 1545 3503 1639 3556; x_wconf 89' lang='lat' dir='ltr'>sienta</span> <span class='ocrx_word' id='word_1_471' title='bbox 1656 3503 1775 3571; x_wconf 87' lang='lat' dir='ltr'>patribus</span> 
     </span>
     <span class='ocr_line' id='line_1_65' title="bbox 143 3592 1776 3668; baseline 0 -19"><span class='ocrx_word' id='word_1_472' title='bbox 143 3592 187 3650; x_wconf 85' lang='lat' dir='ltr'>nis</span> <span class='ocrx_word' id='word_1_473' title='bbox 200 3594 311 3651; x_wconf 75' lang='lat' dir='ltr'>veritate</span> <span class='ocrx_word' id='word_1_474' title='bbox 325 3609 436 3666; x_wconf 87' lang='lat' dir='ltr'>prorsus</span> <span class='ocrx_word' id='word_1_475' title='bbox 451 3595 550 3651; x_wconf 91' lang='lat' dir='ltr'>abolita</span> <span class='ocrx_word' id='word_1_476' title='bbox 569 3614 575 3648; x_wconf 92' lang='lat'>:</span> <span class='ocrx_word' id='word_1_477' title='bbox 592 3597 661 3666; x_wconf 84' lang='lat' dir='ltr'>qnod</span> <span class='ocrx_word' id='word_1_478' title='bbox 682 3597 772 3667; x_wconf 84' lang='lat' dir='ltr'>ntique</span> <span class='ocrx_word' id='word_1_479' title='bbox 786 3599 934 3668; x_wconf 83' lang='lat' dir='ltr'>improbum</span> <span class='ocrx_word' id='word_1_480' title='bbox 986 3593 1085 3650; x_wconf 88' lang='lat' dir='ltr'>nostris</span> <span class='ocrx_word' id='word_1_481' title='bbox 1099 3602 1141 3649; x_wconf 91' lang='lat' dir='ltr'>est</span> <span class='ocrx_word' id='word_1_482' title='bbox 1156 3594 1252 3649; x_wconf 89' lang='lat' dir='ltr'>tradita</span> <span class='ocrx_word' id='word_1_483' title='bbox 1268 3593 1366 3648; x_wconf 90' lang='lat' dir='ltr'>illibata</span> <span class='ocrx_word' id='word_1_484' title='bbox 1380 3594 1534 3648; x_wconf 90' lang='lat' dir='ltr'>communio</span> <span class='ocrx_word' id='word_1_485' title='bbox 1553 3601 1632 3662; x_wconf 81' lang='lat' dir='ltr'>atquc</span> <span class='ocrx_word' id='word_1_486' title='bbox 1654 3608 1687 3649; x_wconf 88' lang='lat' dir='ltr'>ert</span> <span class='ocrx_word' id='word_1_487' title='bbox 1702 3595 1776 3650; x_wconf 91' lang='lat' dir='ltr'>otnni</span> 
     </span>
     <span class='ocr_line' id='line_1_66' title="bbox 144 3683 1775 3757; baseline -0.002 -16"><span class='ocrx_word' id='word_1_488' title='bbox 144 3685 933 3757; x_wconf 79' lang='lat' dir='ltr'>commentnnnllarcionistis,ilatneltaeisqueconjunctum,</span> <span class='ocrx_word' id='word_1_489' title='bbox 987 3693 1062 3755; x_wconf 88' lang='lat' dir='ltr'>parte</span> <span class='ocrx_word' id='word_1_490' title='bbox 1090 3685 1245 3742; x_wconf 84' lang='lat' dir='ltr'>inconvulsa</span> <span class='ocrx_word' id='word_1_491' title='bbox 1280 3685 1417 3751; x_wconf 88' lang='lat' dir='ltr'>perduret.</span> <span class='ocrx_word' id='word_1_492' title='bbox 1446 3684 1526 3739; x_wconf 85' lang='lat' dir='ltr'>Certe</span> <span class='ocrx_word' id='word_1_493' title='bbox 1557 3684 1580 3738; x_wconf 87' lang='lat' dir='ltr'>si</span> <span class='ocrx_word' id='word_1_494' title='bbox 1606 3683 1665 3753; x_wconf 82' lang='lat' dir='ltr'>qtris</span> <span class='ocrx_word' id='word_1_495' title='bbox 1696 3699 1775 3739; x_wconf 80' lang='lat' dir='ltr'>aures</span> 
     </span>
     <span class='ocr_line' id='line_1_67' title="bbox 144 3773 1775 3845; baseline -0.001 -14"><span class='ocrx_word' id='word_1_496' title='bbox 144 3783 229 3831; x_wconf 90' lang='lat' dir='ltr'>toturn</span> <span class='ocrx_word' id='word_1_497' title='bbox 244 3775 302 3832; x_wconf 93' lang='lat' dir='ltr'>sine</span> <span class='ocrx_word' id='word_1_498' title='bbox 315 3776 397 3832; x_wconf 91' lang='lat' dir='ltr'>dubio</span> <span class='ocrx_word' id='word_1_499' title='bbox 418 3778 513 3833; x_wconf 90' lang='lat' dir='ltr'>salutis</span> <span class='ocrx_word' id='word_1_500' title='bbox 532 3789 630 3833; x_wconf 80' lang='lat' dir='ltr'>nostrae</span> <span class='ocrx_word' id='word_1_501' title='bbox 647 3778 763 3834; x_wconf 82' lang='lat' dir='ltr'>solveret</span> <span class='ocrx_word' id='word_1_502' title='bbox 782 3794 935 3835; x_wconf 86' lang='lat' dir='ltr'>sacramen-</span> <span class='ocrx_word' id='word_1_503' title='bbox 986 3787 1088 3834; x_wconf 79' lang='lat' dir='ltr'>vestras</span> <span class='ocrx_word' id='word_1_504' title='bbox 1102 3777 1136 3833; x_wconf 91' lang='lat' dir='ltr'>de</span> <span class='ocrx_word' id='word_1_505' title='bbox 1152 3776 1201 3831; x_wconf 86' lang='lat' dir='ltr'>ltac</span> <span class='ocrx_word' id='word_1_506' title='bbox 1213 3776 1358 3831; x_wconf 89' lang='lat' dir='ltr'>crediderit</span> <span class='ocrx_word' id='word_1_507' title='bbox 1370 3776 1542 3845; x_wconf 90' lang='lat' dir='ltr'>subreptione</span> <span class='ocrx_word' id='word_1_508' title='bbox 1555 3773 1707 3843; x_wconf 89' lang='lat' dir='ltr'>pulsandas,</span> <span class='ocrx_word' id='word_1_509' title='bbox 1719 3775 1775 3829; x_wconf 81' lang='lat' dir='ltr'>st·</span> 
     </span>
     <span class='ocr_line' id='line_1_68' title="bbox 144 3865 1774 3942; baseline -0.004 -19"><span class='ocrx_word' id='word_1_510' title='bbox 144 3878 216 3935; x_wconf 86' lang='lat' dir='ltr'>tutn;</span> <span class='ocrx_word' id='word_1_511' title='bbox 230 3870 361 3940; x_wconf 78' lang='lat' dir='ltr'>siquidem</span> <span class='ocrx_word' id='word_1_512' title='bbox 372 3881 499 3940; x_wconf 79' lang='lat' dir='ltr'>otrentum</span> <span class='ocrx_word' id='word_1_513' title='bbox 510 3880 537 3926; x_wconf 92' lang='lat' dir='ltr'>et</span> <span class='ocrx_word' id='word_1_514' title='bbox 547 3872 691 3942; x_wconf 75' lang='lat' dir='ltr'>Scripturas</span> <span class='ocrx_word' id='word_1_515' title='bbox 701 3872 860 3928; x_wconf 87' lang='lat' dir='ltr'>nettcrabilis</span> <span class='ocrx_word' id='word_1_516' title='bbox 870 3873 935 3929; x_wconf 90' lang='lat' dir='ltr'>dicit</span> <span class='ocrx_word' id='word_1_517' title='bbox 986 3868 1125 3925; x_wconf 90' lang='lat' dir='ltr'>licitudine</span> <span class='ocrx_word' id='word_1_518' title='bbox 1143 3868 1270 3939; x_wconf 89' lang='lat' dir='ltr'>pastorali</span> <span class='ocrx_word' id='word_1_519' title='bbox 1285 3867 1318 3922; x_wconf 86' lang='lat' dir='ltr'>ad</span> <span class='ocrx_word' id='word_1_520' title='bbox 1336 3881 1385 3922; x_wconf 90' lang='lat' dir='ltr'>nos</span> <span class='ocrx_word' id='word_1_521' title='bbox 1404 3865 1576 3936; x_wconf 84' lang='lat' dir='ltr'>quamcitius</span> <span class='ocrx_word' id='word_1_522' title='bbox 1596 3866 1695 3920; x_wconf 89' lang='lat' dir='ltr'>reletre</span> <span class='ocrx_word' id='word_1_523' title='bbox 1714 3881 1774 3934; x_wconf 88' lang='lat' dir='ltr'>pro-</span> 
     </span>
     <span class='ocr_line' id='line_1_69' title="bbox 142 3957 1773 4030; baseline -0.002 -16"><span class='ocrx_word' id='word_1_524' title='bbox 142 3961 298 4028; x_wconf 85' lang='lat' dir='ltr'>auctoritas,</span> <span class='ocrx_word' id='word_1_525' title='bbox 311 3971 339 4016; x_wconf 91' lang='lat' dir='ltr'>ct</span> <span class='ocrx_word' id='word_1_526' title='bbox 353 3965 483 4030; x_wconf 84' lang='lat' dir='ltr'>majorum</span> <span class='ocrx_word' id='word_1_527' title='bbox 503 3973 614 4018; x_wconf 86' lang='lat' dir='ltr'>testatur</span> <span class='ocrx_word' id='word_1_528' title='bbox 634 3962 753 4017; x_wconf 90' lang='lat' dir='ltr'>doctrina</span> <span class='ocrx_word' id='word_1_529' title='bbox 769 3974 932 4029; x_wconf 88' lang='lat' dir='ltr'>nostrornm,</span> <span class='ocrx_word' id='word_1_530' title='bbox 985 3961 1104 4029; x_wconf 87' lang='lat' dir='ltr'>petetis,</span> <span class='ocrx_word' id='word_1_531' title='bbox 1119 3969 1149 4015; x_wconf 92' lang='lat' dir='ltr'>ut</span> <span class='ocrx_word' id='word_1_532' title='bbox 1163 3961 1299 4015; x_wconf 87' lang='lat' dir='ltr'>communi</span> <span class='ocrx_word' id='word_1_533' title='bbox 1314 3959 1422 4026; x_wconf 87' lang='lat' dir='ltr'>studio,</span> <span class='ocrx_word' id='word_1_534' title='bbox 1442 3957 1625 4027; x_wconf 82' lang='lat' dir='ltr'>catltolicoque</span> <span class='ocrx_word' id='word_1_535' title='bbox 1649 3966 1773 4025; x_wconf 84' lang='lat' dir='ltr'>tractatu,</span> 
     </span>
     <span class='ocr_line' id='line_1_70' title="bbox 142 4050 1773 4125; baseline -0.006 -15"><span class='ocrx_word' id='word_1_536' title='bbox 142 4053 338 4124; x_wconf 83' lang='lat' dir='ltr'>redemptorem</span> <span class='ocrx_word' id='word_1_537' title='bbox 358 4055 449 4110; x_wconf 88' lang='lat' dir='ltr'>mundi</span> <span class='ocrx_word' id='word_1_538' title='bbox 467 4058 559 4118; x_wconf 83' lang='lat' dir='ltr'>licum,</span> <span class='ocrx_word' id='word_1_539' title='bbox 577 4065 659 4110; x_wconf 91' lang='lat' dir='ltr'>totnnt</span> <span class='ocrx_word' id='word_1_540' title='bbox 674 4055 753 4110; x_wconf 85' lang='lat' dir='ltr'>simul</span> <span class='ocrx_word' id='word_1_541' title='bbox 774 4054 868 4125; x_wconf 89' lang='lat' dir='ltr'>Deum,</span> <span class='ocrx_word' id='word_1_542' title='bbox 891 4070 932 4109; x_wconf 82' lang='lat' dir='ltr'>to·</span> <span class='ocrx_word' id='word_1_543' title='bbox 985 4066 1034 4121; x_wconf 91' lang='lat' dir='ltr'>pro</span> <span class='ocrx_word' id='word_1_544' title='bbox 1049 4050 1130 4106; x_wconf 93' lang='lat' dir='ltr'>domo</span> <span class='ocrx_word' id='word_1_545' title='bbox 1154 4053 1234 4107; x_wconf 89' lang='lat' dir='ltr'>unius</span> <span class='ocrx_word' id='word_1_546' title='bbox 1258 4051 1363 4105; x_wconf 91' lang='lat' dir='ltr'>Domini</span> <span class='ocrx_word' id='word_1_547' title='bbox 1385 4051 1473 4105; x_wconf 90' lang='lat' dir='ltr'>cuncti</span> <span class='ocrx_word' id='word_1_548' title='bbox 1491 4050 1612 4104; x_wconf 85' lang='lat' dir='ltr'>catlroliei</span> <span class='ocrx_word' id='word_1_549' title='bbox 1637 4050 1773 4103; x_wconf 56' lang='lat' dir='ltr'>conlocant</span> 
     </span>
     <span class='ocr_line' id='line_1_71' title="bbox 142 4139 1773 4217; baseline -0.008 -14"><span class='ocrx_word' id='word_1_550' title='bbox 142 4154 253 4217; x_wconf 76' lang='lat' dir='ltr'>tumque</span> <span class='ocrx_word' id='word_1_551' title='bbox 264 4146 397 4202; x_wconf 88' lang='lat' dir='ltr'>bominem</span> <span class='ocrx_word' id='word_1_552' title='bbox 408 4163 440 4202; x_wconf 85' lang='lat' dir='ltr'>ex</span> <span class='ocrx_word' id='word_1_553' title='bbox 451 4147 531 4201; x_wconf 88' lang='lat' dir='ltr'>llaria</span> <span class='ocrx_word' id='word_1_554' title='bbox 545 4146 652 4217; x_wconf 73' lang='lat' dir='ltr'>l&#39;irgine</span> <span class='ocrx_word' id='word_1_555' title='bbox 662 4145 744 4201; x_wconf 88' lang='lat' dir='ltr'>luisse</span> <span class='ocrx_word' id='word_1_556' title='bbox 754 4147 931 4216; x_wconf 77' lang='lat' dir='ltr'>progenitum.</span> <span class='ocrx_word' id='word_1_557' title='bbox 985 4141 1158 4208; x_wconf 70' lang='lat' dir='ltr'>sacerdotes,</span> <span class='ocrx_word' id='word_1_558' title='bbox 1182 4154 1211 4198; x_wconf 91' lang='lat' dir='ltr'>nt</span> <span class='ocrx_word' id='word_1_559' title='bbox 1231 4156 1290 4212; x_wconf 82' lang='lat' dir='ltr'>quae</span> <span class='ocrx_word' id='word_1_560' title='bbox 1316 4140 1472 4196; x_wconf 82' lang='lat' dir='ltr'>ortbndosac</span> <span class='ocrx_word' id='word_1_561' title='bbox 1498 4139 1644 4196; x_wconf 87' lang='lat' dir='ltr'>deltttitioni</span> <span class='ocrx_word' id='word_1_562' title='bbox 1665 4153 1773 4206; x_wconf 86' lang='lat' dir='ltr'>compe-</span> 
     </span>
    </p>
   </div>
   <div class='ocr_carea' id='block_1_9' title="bbox 141 4230 1773 4401">
    <p class='ocr_par' dir='ltr' id='par_1_11' title="bbox 141 4230 1773 4401">
     <span class='ocr_line' id='line_1_72' title="bbox 141 4230 1773 4309; baseline -0.007 -15"><span class='ocrx_word' id='word_1_563' title='bbox 141 4237 176 4294; x_wconf 77' lang='lat' dir='ltr'>Et</span> <span class='ocrx_word' id='word_1_564' title='bbox 189 4236 252 4293; x_wconf 88' lang='lat' dir='ltr'>buic</span> <span class='ocrx_word' id='word_1_565' title='bbox 264 4240 363 4294; x_wconf 89' lang='lat' dir='ltr'>mundo</span> <span class='ocrx_word' id='word_1_566' title='bbox 377 4249 480 4295; x_wconf 90' lang='lat' dir='ltr'>certum</span> <span class='ocrx_word' id='word_1_567' title='bbox 495 4251 536 4294; x_wconf 87' lang='lat' dir='ltr'>est</span> <span class='ocrx_word' id='word_1_568' title='bbox 550 4240 684 4294; x_wconf 82' lang='lat' dir='ltr'>exstitisse</span> <span class='ocrx_word' id='word_1_569' title='bbox 696 4239 881 4309; x_wconf 79' lang='lat' dir='ltr'>conspicuam,</span> <span class='ocrx_word' id='word_1_570' title='bbox 894 4239 933 4293; x_wconf 79' lang='lat' dir='ltr'>sic</span> <span class='ocrx_word' id='word_1_571' title='bbox 985 4239 1063 4299; x_wconf 90' lang='lat' dir='ltr'>tunt,</span> <span class='ocrx_word' id='word_1_572' title='bbox 1080 4231 1236 4287; x_wconf 89' lang='lat' dir='ltr'>intemerata</span> <span class='ocrx_word' id='word_1_573' title='bbox 1250 4241 1408 4297; x_wconf 82' lang='lat' dir='ltr'>serventur3</span> <span class='ocrx_word' id='word_1_574' title='bbox 1434 4239 1460 4284; x_wconf 91' lang='lat' dir='ltr'>et</span> <span class='ocrx_word' id='word_1_575' title='bbox 1480 4240 1611 4299; x_wconf 80' lang='lat' dir='ltr'>quaternus</span> <span class='ocrx_word' id='word_1_576' title='bbox 1623 4230 1773 4284; x_wconf 90' lang='lat' dir='ltr'>errantibus</span> 
     </span>
     <span class='ocr_line' id='line_1_73' title="bbox 141 4320 1771 4401; baseline -0.008 -16"><span class='ocrx_word' id='word_1_577' title='bbox 141 4344 260 4400; x_wconf 73' lang='lat' dir='ltr'>pastum</span> <span class='ocrx_word' id='word_1_578' title='bbox 276 4341 356 4401; x_wconf 78' lang='lat' dir='ltr'>atquae</span> <span class='ocrx_word' id='word_1_579' title='bbox 367 4332 546 4387; x_wconf 83' lang='lat' dir='ltr'>resurrexisse</span> <span class='ocrx_word' id='word_1_580' title='bbox 556 4340 661 4386; x_wconf 86' lang='lat' dir='ltr'>constat</span> <span class='ocrx_word' id='word_1_581' title='bbox 673 4347 688 4386; x_wconf 92' lang='lat' dir='ltr'>a</span> <span class='ocrx_word' id='word_1_582' title='bbox 701 4332 823 4387; x_wconf 87' lang='lat' dir='ltr'>mortuis.</span> <span class='ocrx_word' id='word_1_583' title='bbox 841 4331 933 4401; x_wconf 85' lang='lat' dir='ltr'>ltaqno</span> <span class='ocrx_word' id='word_1_584' title='bbox 984 4321 1082 4378; x_wconf 89' lang='lat' dir='ltr'>debeat</span> <span class='ocrx_word' id='word_1_585' title='bbox 1094 4322 1245 4389; x_wconf 86' lang='lat' dir='ltr'>subreniri,</span> <span class='ocrx_word' id='word_1_586' title='bbox 1261 4321 1411 4378; x_wconf 87' lang='lat' dir='ltr'>rationabili</span> <span class='ocrx_word' id='word_1_587' title='bbox 1429 4320 1620 4376; x_wconf 88' lang='lat' dir='ltr'>deliberatione</span> <span class='ocrx_word' id='word_1_588' title='bbox 1634 4329 1771 4376; x_wconf 86' lang='lat' dir='ltr'>noscatur.</span> 
     </span>
    </p>
   </div>
   <div class='ocr_carea' id='block_1_10' title="bbox 140 4411 1773 4762">
    <p class='ocr_par' dir='ltr' id='par_1_12' title="bbox 140 4411 1773 4762">
     <span class='ocr_line' id='line_1_74' title="bbox 141 4411 1772 4504; baseline -0.008 -26"><span class='ocrx_word' id='word_1_589' title='bbox 141 4421 416 4492; x_wconf 76' lang='lat' dir='ltr'>quadragintadiebns</span> <span class='ocrx_word' id='word_1_590' title='bbox 427 4422 930 4491; x_wconf 86' lang='lat' dir='ltr'>luissecnmdiscipuliscontersatnm,</span> <span class='ocrx_word' id='word_1_591' title='bbox 946 4444 971 4504; x_wconf 89' lang='lat' dir='ltr'>D</span> <span class='ocrx_word' id='word_1_592' title='bbox 986 4413 1048 4470; x_wconf 80' lang='lat' dir='ltr'>linc</span> <span class='ocrx_word' id='word_1_593' title='bbox 1067 4423 1156 4470; x_wconf 88' lang='lat' dir='ltr'>antem</span> <span class='ocrx_word' id='word_1_594' title='bbox 1175 4424 1262 4470; x_wconf 88' lang='lat' dir='ltr'>nestra</span> <span class='ocrx_word' id='word_1_595' title='bbox 1277 4412 1386 4468; x_wconf 90' lang='lat' dir='ltr'>dilectio</span> <span class='ocrx_word' id='word_1_596' title='bbox 1403 4415 1483 4468; x_wconf 90' lang='lat' dir='ltr'>etiam</span> <span class='ocrx_word' id='word_1_597' title='bbox 1504 4411 1538 4466; x_wconf 93' lang='lat' dir='ltr'>ad</span> <span class='ocrx_word' id='word_1_598' title='bbox 1560 4413 1699 4480; x_wconf 80' lang='lat' dir='ltr'>contiguas</span> <span class='ocrx_word' id='word_1_599' title='bbox 1721 4412 1772 4465; x_wconf 82' lang='lat' dir='ltr'>sibi</span> 
     </span>
     <span class='ocr_line' id='line_1_75' title="bbox 140 4500 1773 4582; baseline -0.011 -14"><span class='ocrx_word' id='word_1_600' title='bbox 140 4513 280 4568; x_wconf 80' lang='lat' dir='ltr'>instalum</span> <span class='ocrx_word' id='word_1_601' title='bbox 301 4514 463 4578; x_wconf 77' lang='lat' dir='ltr'>ascendisse,</span> <span class='ocrx_word' id='word_1_602' title='bbox 484 4513 558 4579; x_wconf 89' lang='lat' dir='ltr'>plena</span> <span class='ocrx_word' id='word_1_603' title='bbox 580 4512 640 4566; x_wconf 91' lang='lat' dir='ltr'>luce</span> <span class='ocrx_word' id='word_1_604' title='bbox 658 4511 692 4566; x_wconf 88' lang='lat' dir='ltr'>sit</span> <span class='ocrx_word' id='word_1_605' title='bbox 711 4512 825 4578; x_wconf 89' lang='lat' dir='ltr'>clarum,</span> <span class='ocrx_word' id='word_1_606' title='bbox 845 4527 931 4582; x_wconf 82' lang='lat' dir='ltr'>eoque</span> <span class='ocrx_word' id='word_1_607' title='bbox 985 4521 1104 4577; x_wconf 80' lang='lat' dir='ltr'>quasque</span> <span class='ocrx_word' id='word_1_608' title='bbox 1119 4504 1269 4572; x_wconf 87' lang='lat' dir='ltr'>provincias</span> <span class='ocrx_word' id='word_1_609' title='bbox 1289 4505 1445 4571; x_wconf 78' lang='lat' dir='ltr'>vicinosque</span> <span class='ocrx_word' id='word_1_610' title='bbox 1467 4500 1605 4571; x_wconf 86' lang='lat' dir='ltr'>pontillces</span> <span class='ocrx_word' id='word_1_611' title='bbox 1629 4501 1773 4569; x_wconf 86' lang='lat' dir='ltr'>prudenter</span> 
     </span>
     <span class='ocr_line' id='line_1_76' title="bbox 140 4589 1771 4670; baseline -0.012 -11"><span class='ocrx_word' id='word_1_612' title='bbox 140 4603 223 4660; x_wconf 91' lang='lat' dir='ltr'>tnodo</span> <span class='ocrx_word' id='word_1_613' title='bbox 234 4602 353 4667; x_wconf 88' lang='lat' dir='ltr'>dictum,</span> <span class='ocrx_word' id='word_1_614' title='bbox 372 4602 404 4655; x_wconf 93' lang='lat' dir='ltr'>ad</span> <span class='ocrx_word' id='word_1_615' title='bbox 416 4601 562 4670; x_wconf 82' lang='lat' dir='ltr'>judicium,</span> <span class='ocrx_word' id='word_1_616' title='bbox 580 4602 675 4670; x_wconf 78' lang='lat' dir='ltr'>angelo</span> <span class='ocrx_word' id='word_1_617' title='bbox 690 4610 821 4669; x_wconf 89' lang='lat' dir='ltr'>testante,</span> <span class='ocrx_word' id='word_1_618' title='bbox 837 4611 932 4656; x_wconf 80' lang='lat' dir='ltr'>vetatu-</span> <span class='ocrx_word' id='word_1_619' title='bbox 983 4598 1063 4652; x_wconf 86' lang='lat' dir='ltr'>iaciat</span> <span class='ocrx_word' id='word_1_620' title='bbox 1076 4595 1229 4665; x_wconf 88' lang='lat' dir='ltr'>pertenire,</span> <span class='ocrx_word' id='word_1_621' title='bbox 1244 4604 1272 4649; x_wconf 92' lang='lat' dir='ltr'>ut</span> <span class='ocrx_word' id='word_1_622' title='bbox 1289 4594 1465 4649; x_wconf 84' lang='lat' dir='ltr'>Ecclesiarum</span> <span class='ocrx_word' id='word_1_623' title='bbox 1483 4590 1624 4660; x_wconf 73' lang='lat' dir='ltr'>presules,</span> <span class='ocrx_word' id='word_1_624' title='bbox 1641 4589 1771 4641; x_wconf 67' lang='lat' dir='ltr'>uniuersas</span> 
     </span>
     <span class='ocr_line' id='line_1_77' title="bbox 140 4678 1772 4762; baseline -0.011 -11"><span class='ocrx_word' id='word_1_625' title='bbox 140 4709 210 4760; x_wconf 88' lang='lat' dir='ltr'>rum,</span> <span class='ocrx_word' id='word_1_626' title='bbox 225 4702 254 4748; x_wconf 91' lang='lat' dir='ltr'>ut</span> <span class='ocrx_word' id='word_1_627' title='bbox 268 4701 295 4749; x_wconf 92' lang='lat' dir='ltr'>et</span> <span class='ocrx_word' id='word_1_628' title='bbox 314 4691 397 4746; x_wconf 80' lang='lat' dir='ltr'>Filius</span> <span class='ocrx_word' id='word_1_629' title='bbox 416 4690 544 4754; x_wconf 87' lang='lat' dir='ltr'>bominis,</span> <span class='ocrx_word' id='word_1_630' title='bbox 566 4705 646 4760; x_wconf 82' lang='lat' dir='ltr'>opem</span> <span class='ocrx_word' id='word_1_631' title='bbox 664 4689 760 4747; x_wconf 88' lang='lat' dir='ltr'>beatus</span> <span class='ocrx_word' id='word_1_632' title='bbox 778 4689 931 4762; x_wconf 88' lang='lat' dir='ltr'>Stepltanus</span> <span class='ocrx_word' id='word_1_633' title='bbox 982 4687 1101 4743; x_wconf 90' lang='lat' dir='ltr'>veritatis</span> <span class='ocrx_word' id='word_1_634' title='bbox 1116 4685 1291 4740; x_wconf 90' lang='lat' dir='ltr'>instructione</span> <span class='ocrx_word' id='word_1_635' title='bbox 1303 4693 1438 4751; x_wconf 89' lang='lat' dir='ltr'>percepta,</span> <span class='ocrx_word' id='word_1_636' title='bbox 1460 4678 1624 4734; x_wconf 78' lang='lat' dir='ltr'>mortiferam</span> <span class='ocrx_word' id='word_1_637' title='bbox 1637 4679 1772 4733; x_wconf 85' lang='lat' dir='ltr'>declinare</span> 
     </span>
    </p>
   </div>
   <div class='ocr_carea' id='block_1_11' title="bbox 982 4767 1771 4842">
    <p class='ocr_par' dir='ltr' id='par_1_13' title="bbox 982 4767 1771 4842">
     <span class='ocr_line' id='line_1_78' title="bbox 982 4767 1771 4842; baseline -0.016 -8"><span class='ocrx_word' id='word_1_638' title='bbox 982 4780 1087 4834; x_wconf 83' lang='lat' dir='ltr'>valeant</span> <span class='ocrx_word' id='word_1_639' title='bbox 1107 4777 1259 4832; x_wconf 77' lang='lat' dir='ltr'>falsitatem.</span> <span class='ocrx_word' id='word_1_640' title='bbox 1282 4772 1316 4827; x_wconf 83' lang='lat' dir='ltr'>Et</span> <span class='ocrx_word' id='word_1_641' title='bbox 1335 4771 1506 4842; x_wconf 83' lang='lat' dir='ltr'>subscriptio:</span> <span class='ocrx_word' id='word_1_642' title='bbox 1521 4769 1591 4824; x_wconf 87' lang='lat' dir='ltr'>Dens</span> <span class='ocrx_word' id='word_1_643' title='bbox 1605 4783 1653 4824; x_wconf 83' lang='lat' dir='ltr'>tos</span> <span class='ocrx_word' id='word_1_644' title='bbox 1667 4767 1771 4822; x_wconf 88' lang='lat' dir='ltr'>incolu-</span> 
     </span>
    </p>
   </div>
   <div class='ocr_carea' id='block_1_12' title="bbox 982 4863 1694 5106">
    <p class='ocr_par' dir='ltr' id='par_1_14' title="bbox 982 4863 1694 5106">
     <span class='ocr_line' id='line_1_79' title="bbox 982 4863 1468 4935; baseline -0.021 -7"><span class='ocrx_word' id='word_1_645' title='bbox 982 4885 1040 4929; x_wconf 86' lang='lat' dir='ltr'>tnes</span> <span class='ocrx_word' id='word_1_646' title='bbox 1054 4869 1200 4935; x_wconf 84' lang='lat' dir='ltr'>custodiat,</span> <span class='ocrx_word' id='word_1_647' title='bbox 1214 4867 1312 4922; x_wconf 85' lang='lat' dir='ltr'>iratres</span> <span class='ocrx_word' id='word_1_648' title='bbox 1325 4863 1468 4920; x_wconf 89' lang='lat' dir='ltr'>carissimi.</span> 
     </span>
     <span class='ocr_line' id='line_1_80' title="bbox 1226 4951 1517 5013; baseline -0.024 0"><span class='ocrx_word' id='word_1_649' title='bbox 1226 4955 1389 5013; x_wconf 73' lang='lat' dir='ltr'>aristone</span> <span class='ocrx_word' id='word_1_650' title='bbox 1409 4952 1440 5009; x_wconf 94' lang='lat' dir='ltr'>lll</span> <span class='ocrx_word' id='word_1_651' title='bbox 1459 4951 1517 5006; x_wconf 56' lang='grc' dir='ltr'>δὴ.</span> 
     </span>
     <span class='ocr_line' id='line_1_81' title="bbox 1056 5055 1694 5106; baseline -0.022 0"><span class='ocrx_word' id='word_1_652' title='bbox 1056 5066 1134 5106; x_wconf 83' lang='grc' dir='ltr'>ιιιιτι</span> <span class='ocrx_word' id='word_1_653' title='bbox 1153 5065 1225 5104; x_wconf 73' lang='lat' dir='ltr'>ntes</span> <span class='ocrx_word' id='word_1_654' title='bbox 1244 5063 1346 5104; x_wconf 76' lang='lat' dir='ltr'>otzctsn</span> <span class='ocrx_word' id='word_1_655' title='bbox 1365 5061 1400 5100; x_wconf 84' lang='lat' dir='ltr'>an</span> <span class='ocrx_word' id='word_1_656' title='bbox 1418 5057 1542 5099; x_wconf 84' lang='lat' dir='ltr'>ntttcett</span> <span class='ocrx_word' id='word_1_657' title='bbox 1561 5055 1694 5096; x_wconf 87' lang='lat' dir='ltr'>anntretr.</span> 
     </span>
    </p>
   </div>
   <div class='ocr_carea' id='block_1_13' title="bbox 954 5131 1769 5390">
    <p class='ocr_par' dir='ltr' id='par_1_15' title="bbox 954 5131 1769 5390">
     <span class='ocr_line' id='line_1_82' title="bbox 954 5131 1765 5200; baseline -0.026 0"><span class='ocrx_word' id='word_1_658' title='bbox 954 5150 960 5159; x_wconf 86' lang='lat'><strong><em>‘</em></strong></span> <span class='ocrx_word' id='word_1_659' title='bbox 1016 5142 1194 5198; x_wconf 87' lang='lat' dir='ltr'>Dilectissimo</span> <span class='ocrx_word' id='word_1_660' title='bbox 1208 5140 1262 5194; x_wconf 84' lang='lat' dir='ltr'>lulio</span> <span class='ocrx_word' id='word_1_661' title='bbox 1277 5138 1362 5193; x_wconf 85' lang='lat' dir='ltr'>Natali</span> <span class='ocrx_word' id='word_1_662' title='bbox 1377 5137 1465 5191; x_wconf 88' lang='lat' dir='ltr'>abbati</span> <span class='ocrx_word' id='word_1_663' title='bbox 1479 5132 1600 5188; x_wconf 87' lang='lat' dir='ltr'>Gelasins</span> <span class='ocrx_word' id='word_1_664' title='bbox 1614 5131 1765 5200; x_wconf 86' lang='lat' dir='ltr'>episcopus.</span> 
     </span>
     <span class='ocr_line' id='line_1_83' title="bbox 1015 5219 1769 5301; baseline -0.02 -15"><span class='ocrx_word' id='word_1_665' title='bbox 1015 5233 1142 5301; x_wconf 75' lang='lat' dir='ltr'>Quamvis</span> <span class='ocrx_word' id='word_1_666' title='bbox 1162 5245 1210 5300; x_wconf 92' lang='lat' dir='ltr'>pro</span> <span class='ocrx_word' id='word_1_667' title='bbox 1224 5229 1294 5286; x_wconf 90' lang='lat' dir='ltr'>beati</span> <span class='ocrx_word' id='word_1_668' title='bbox 1309 5228 1381 5284; x_wconf 86' lang='lat' dir='ltr'>Petri</span> <span class='ocrx_word' id='word_1_669' title='bbox 1396 5226 1508 5296; x_wconf 86' lang='lat' dir='ltr'>apostoli</span> <span class='ocrx_word' id='word_1_670' title='bbox 1527 5220 1709 5279; x_wconf 89' lang='lat' dir='ltr'>moderamine</span> <span class='ocrx_word' id='word_1_671' title='bbox 1730 5219 1769 5273; x_wconf 85' lang='lat' dir='ltr'>di-</span> 
     </span>
     <span class='ocr_line' id='line_1_84' title="bbox 981 5313 1768 5390; baseline -0.017 -11"><span class='ocrx_word' id='word_1_672' title='bbox 981 5326 1081 5379; x_wconf 81' lang='lat' dir='ltr'>vinitus</span> <span class='ocrx_word' id='word_1_673' title='bbox 1095 5322 1227 5377; x_wconf 86' lang='lat' dir='ltr'>instituto·</span> <span class='ocrx_word' id='word_1_674' title='bbox 1241 5335 1296 5390; x_wconf 78' lang='lat' dir='ltr'>ntro</span> <span class='ocrx_word' id='word_1_675' title='bbox 1315 5317 1387 5374; x_wconf 87' lang='lat' dir='ltr'>sedis</span> <span class='ocrx_word' id='word_1_676' title='bbox 1406 5316 1464 5372; x_wconf 85' lang='lat' dir='ltr'>eius</span> <span class='ocrx_word' id='word_1_677' title='bbox 1484 5314 1574 5370; x_wconf 53' lang='lat' dir='ltr'>tricarii</span> <span class='ocrx_word' id='word_1_678' title='bbox 1591 5313 1693 5369; x_wconf 88' lang='lat' dir='ltr'>cunctis</span> <span class='ocrx_word' id='word_1_679' title='bbox 1708 5319 1768 5366; x_wconf 89' lang='lat' dir='ltr'>sunt</span> 
     </span>
    </p>
   </div>
   <div class='ocr_carea' id='block_1_14' title="bbox 139 4781 931 5417">
    <p class='ocr_par' dir='ltr' id='par_1_16' title="bbox 139 4781 931 5417">
     <span class='ocr_line' id='line_1_85' title="bbox 140 4781 931 4858; baseline -0.004 -16"><span class='ocrx_word' id='word_1_680' title='bbox 140 4795 270 4858; x_wconf 81' lang='lat' dir='ltr'>martyra</span> <span class='ocrx_word' id='word_1_681' title='bbox 284 4783 386 4839; x_wconf 90' lang='lat' dir='ltr'>dextris</span> <span class='ocrx_word' id='word_1_682' title='bbox 399 4783 505 4837; x_wconf 81' lang='lat' dir='ltr'>virtutis</span> <span class='ocrx_word' id='word_1_683' title='bbox 520 4782 567 4838; x_wconf 89' lang='lat' dir='ltr'>Dei</span> <span class='ocrx_word' id='word_1_684' title='bbox 590 4781 656 4838; x_wconf 84' lang='lat' dir='ltr'>vidit</span> <span class='ocrx_word' id='word_1_685' title='bbox 671 4790 825 4851; x_wconf 88' lang='lat' dir='ltr'>astantem,</span> <span class='ocrx_word' id='word_1_686' title='bbox 846 4786 931 4839; x_wconf 89' lang='lat' dir='ltr'>mani·</span> 
     </span>
     <span class='ocr_line' id='line_1_86' title="bbox 140 4882 929 4948; baseline -0.004 -13"><span class='ocrx_word' id='word_1_687' title='bbox 140 4882 223 4937; x_wconf 83' lang='lat' dir='ltr'>leatus</span> <span class='ocrx_word' id='word_1_688' title='bbox 237 4887 372 4948; x_wconf 84' lang='lat' dir='ltr'>appareat,</span> <span class='ocrx_word' id='word_1_689' title='bbox 384 4886 500 4945; x_wconf 76' lang='lat' dir='ltr'>atquem</span> <span class='ocrx_word' id='word_1_690' title='bbox 515 4883 731 4942; x_wconf 79' lang='lat' dir='ltr'>corripunxcrnnt</span> <span class='ocrx_word' id='word_1_691' title='bbox 744 4885 929 4947; x_wconf 88' lang='lat' dir='ltr'>persecutores</span> 
     </span>
     <span class='ocr_line' id='line_1_87' title="bbox 139 4965 928 5042; baseline -0.009 -15"><span class='ocrx_word' id='word_1_692' title='bbox 139 4971 217 5042; x_wconf 85' lang='lat' dir='ltr'>ejas,</span> <span class='ocrx_word' id='word_1_693' title='bbox 231 4965 362 5040; x_wconf 83' lang='lat' dir='ltr'>aspiciant</span> <span class='ocrx_word' id='word_1_694' title='bbox 379 4967 471 5036; x_wconf 81' lang='lat' dir='ltr'>:qnod</span> <span class='ocrx_word' id='word_1_695' title='bbox 485 4967 611 5021; x_wconf 92' lang='lat' dir='ltr'>nimirum</span> <span class='ocrx_word' id='word_1_696' title='bbox 628 4970 687 5022; x_wconf 91' lang='lat' dir='ltr'>sinc</span> <span class='ocrx_word' id='word_1_697' title='bbox 700 4968 789 5022; x_wconf 87' lang='lat' dir='ltr'>carnis</span> <span class='ocrx_word' id='word_1_698' title='bbox 804 4968 928 5020; x_wconf 88' lang='lat' dir='ltr'>lntmauac</span> 
     </span>
     <span class='ocr_line' id='line_1_88' title="bbox 141 5057 929 5131; baseline -0.009 -16"><span class='ocrx_word' id='word_1_699' title='bbox 141 5076 194 5118; x_wconf 90' lang='lat' dir='ltr'>non</span> <span class='ocrx_word' id='word_1_700' title='bbox 208 5068 430 5131; x_wconf 88' lang='lat' dir='ltr'>potcsteonstare</span> <span class='ocrx_word' id='word_1_701' title='bbox 444 5060 555 5114; x_wconf 88' lang='lat' dir='ltr'>materia</span> <span class='ocrx_word' id='word_1_702' title='bbox 569 5099 576 5123; x_wconf 93' lang='lat'>,</span> <span class='ocrx_word' id='word_1_703' title='bbox 591 5058 668 5128; x_wconf 84' lang='lat' dir='ltr'>enjus</span> <span class='ocrx_word' id='word_1_704' title='bbox 685 5057 832 5126; x_wconf 84' lang='lat' dir='ltr'>assumptio</span> <span class='ocrx_word' id='word_1_705' title='bbox 847 5057 929 5127; x_wconf 81' lang='lat' dir='ltr'>glori·</span> 
     </span>
     <span class='ocr_line' id='line_1_89' title="bbox 140 5149 929 5221; baseline -0.004 -15"><span class='ocrx_word' id='word_1_706' title='bbox 140 5154 218 5209; x_wconf 84' lang='lat' dir='ltr'>licata</span> <span class='ocrx_word' id='word_1_707' title='bbox 232 5160 274 5209; x_wconf 86' lang='lat' dir='ltr'>est</span> <span class='ocrx_word' id='word_1_708' title='bbox 286 5152 404 5217; x_wconf 82' lang='lat' dir='ltr'>deitate,</span> <span class='ocrx_word' id='word_1_709' title='bbox 426 5166 479 5207; x_wconf 92' lang='lat' dir='ltr'>non</span> <span class='ocrx_word' id='word_1_710' title='bbox 500 5166 611 5221; x_wconf 89' lang='lat' dir='ltr'>prorsus</span> <span class='ocrx_word' id='word_1_711' title='bbox 634 5151 784 5220; x_wconf 87' lang='lat' dir='ltr'>absumpta.</span> <span class='ocrx_word' id='word_1_712' title='bbox 805 5149 882 5205; x_wconf 88' lang='lat' dir='ltr'>Unde</span> <span class='ocrx_word' id='word_1_713' title='bbox 901 5157 929 5204; x_wconf 93' lang='lat' dir='ltr'>et</span> 
     </span>
     <span class='ocr_line' id='line_1_90' title="bbox 139 5241 929 5315; baseline -0.011 -13"><span class='ocrx_word' id='word_1_714' title='bbox 139 5245 234 5302; x_wconf 88' lang='lat' dir='ltr'>beatus</span> <span class='ocrx_word' id='word_1_715' title='bbox 246 5244 380 5315; x_wconf 84' lang='lat' dir='ltr'>apostolus</span> <span class='ocrx_word' id='word_1_716' title='bbox 392 5244 507 5300; x_wconf 85' lang='lat' dir='ltr'>loannes</span> <span class='ocrx_word' id='word_1_717' title='bbox 518 5244 582 5298; x_wconf 87' lang='lat' dir='ltr'>dicit</span> <span class='ocrx_word' id='word_1_718' title='bbox 596 5261 602 5296; x_wconf 76' lang='grc' dir='ltr'><strong><em>ε</em></strong></span> <span class='ocrx_word' id='word_1_719' title='bbox 615 5244 664 5306; x_wconf 82' lang='lat' dir='ltr'>oui</span> <span class='ocrx_word' id='word_1_720' title='bbox 676 5253 749 5313; x_wconf 76' lang='lat' dir='ltr'>nepot</span> <span class='ocrx_word' id='word_1_721' title='bbox 762 5241 891 5294; x_wconf 75' lang='lat' dir='ltr'>Christum</span> <span class='ocrx_word' id='word_1_722' title='bbox 902 5241 929 5293; x_wconf 87' lang='lat' dir='ltr'>io</span> 
     </span>
     <span class='ocr_line' id='line_1_91' title="bbox 139 5326 927 5417; baseline -0.013 -23"><span class='ocrx_word' id='word_1_723' title='bbox 139 5337 331 5417; x_wconf 69' lang='lat' dir='ltr'>concessisse,</span> <span class='ocrx_word' id='word_1_724' title='bbox 347 5335 387 5390; x_wconf 85' lang='lat' dir='ltr'>iric</span> <span class='ocrx_word' id='word_1_725' title='bbox 401 5345 436 5391; x_wconf 81' lang='lat' dir='ltr'>cst</span> <span class='ocrx_word' id='word_1_726' title='bbox 448 5326 764 5402; x_wconf 74' lang='lat' dir='ltr'>nuticbristntUJoarntt)</span> <span class='ocrx_word' id='word_1_727' title='bbox 774 5346 782 5398; x_wconf 89' lang='grc'><strong>;</strong></span> <span class='ocrx_word' id='word_1_728' title='bbox 794 5329 927 5399; x_wconf 71' lang='lat' dir='ltr'>ottlorlo·</span> 
     </span>
    </p>
   </div>
   <div class='ocr_carea' id='block_1_15' title="bbox 139 5474 1579 5560">
    <p class='ocr_par' dir='ltr' id='par_1_17' title="bbox 139 5474 1579 5560">
     <span class='ocr_line' id='line_1_92' title="bbox 139 5474 1579 5560; baseline -0.014 -13"><span class='ocrx_word' id='word_1_729' title='bbox 139 5491 395 5559; x_wconf 71' lang='lat' dir='ltr'>emanationem,</span> <span class='ocrx_word' id='word_1_730' title='bbox 411 5509 470 5560; x_wconf 73' lang='lat' dir='ltr'>ortae</span> <span class='ocrx_word' id='word_1_731' title='bbox 481 5491 584 5546; x_wconf 88' lang='lat' dir='ltr'>detecta</span> <span class='ocrx_word' id='word_1_732' title='bbox 598 5488 647 5541; x_wconf 86' lang='lat' dir='ltr'>init</span> <span class='ocrx_word' id='word_1_733' title='bbox 659 5499 730 5538; x_wconf 78' lang='lat' dir='ltr'>anino</span> <span class='ocrx_word' id='word_1_734' title='bbox 743 5483 796 5541; x_wconf 83' lang='lat' dir='ltr'>tts</span> <span class='ocrx_word' id='word_1_735' title='bbox 808 5483 858 5537; x_wconf 87' lang='lat' dir='ltr'>lroc</span> <span class='ocrx_word' id='word_1_736' title='bbox 868 5481 928 5536; x_wconf 90' lang='lat' dir='ltr'>inco</span> <span class='ocrx_word' id='word_1_737' title='bbox 982 5479 1080 5537; x_wconf 89' lang='lat' dir='ltr'>Gelasii</span> <span class='ocrx_word' id='word_1_738' title='bbox 1089 5479 1177 5551; x_wconf 87' lang='lat' dir='ltr'>primo</span> <span class='ocrx_word' id='word_1_739' title='bbox 1189 5475 1315 5548; x_wconf 87' lang='lat' dir='ltr'>scriptam</span> <span class='ocrx_word' id='word_1_740' title='bbox 1327 5489 1397 5531; x_wconf 85' lang='lat' dir='ltr'>esse.</span> <span class='ocrx_word' id='word_1_741' title='bbox 1413 5474 1476 5532; x_wconf 75' lang='lat' dir='ltr'>sev.</span> <span class='ocrx_word' id='word_1_742' title='bbox 1492 5474 1579 5529; x_wconf 77' lang='lat' dir='ltr'>Drstnr</span> 
     </span>
    </p>
   </div>
   <div class='ocr_carea' id='block_1_16' title="bbox 138 5552 928 5630">
    <p class='ocr_par' dir='ltr' id='par_1_18' title="bbox 138 5552 928 5630">
     <span class='ocr_line' id='line_1_93' title="bbox 138 5552 928 5630; baseline -0.015 -12"><span class='ocrx_word' id='word_1_743' title='bbox 138 5574 277 5621; x_wconf 81' lang='lat' dir='ltr'>sterneret</span> <span class='ocrx_word' id='word_1_744' title='bbox 290 5579 374 5619; x_wconf 88' lang='lat' dir='ltr'>artttos</span> <span class='ocrx_word' id='word_1_745' title='bbox 387 5563 440 5626; x_wconf 71' lang='lat' dir='ltr'>ts,</span> <span class='ocrx_word' id='word_1_746' title='bbox 459 5570 570 5630; x_wconf 89' lang='lat' dir='ltr'>apparot</span> <span class='ocrx_word' id='word_1_747' title='bbox 589 5573 648 5614; x_wconf 87' lang='lat' dir='ltr'>eam</span> <span class='ocrx_word' id='word_1_748' title='bbox 667 5572 738 5610; x_wconf 90' lang='lat' dir='ltr'>annn</span> <span class='ocrx_word' id='word_1_749' title='bbox 757 5552 928 5623; x_wconf 77' lang='lat' dir='ltr'>potitilicatus</span> 
     </span>
    </p>
   </div>
   <div class='ocr_carea' id='block_1_17' title="bbox 176 5693 557 5764">
    <p class='ocr_par' dir='ltr' id='par_1_19' title="bbox 176 5693 557 5764">
     <span class='ocr_line' id='line_1_94' title="bbox 176 5693 557 5764; baseline -0.026 -11"><span class='ocrx_word' id='word_1_750' title='bbox 176 5696 184 5730; x_wconf 86' lang='lat'>¹</span> <span class='ocrx_word' id='word_1_751' title='bbox 204 5697 274 5754; x_wconf 82' lang='lat' dir='ltr'>Edit.</span> <span class='ocrx_word' id='word_1_752' title='bbox 287 5697 377 5763; x_wconf 76' lang='lat' dir='ltr'>ttonn,</span> <span class='ocrx_word' id='word_1_753' title='bbox 393 5693 557 5764; x_wconf 76' lang='lat' dir='ltr'>retorriutnrut.</span> 
     </span>
    </p>
   </div>
   <div class='ocr_carea' id='block_1_18' title="bbox 0 0 1912 6120">
    <p class='ocr_par' dir='ltr' id='par_1_20' title="bbox 0 0 1912 6120">
     <span class='ocr_line' id='line_1_95' title="bbox 0 0 1912 6120; baseline 0 0"><span class='ocrx_word' id='word_1_754' title='bbox 0 0 1912 6120; x_wconf 95' lang='lat' dir='ltr'> </span> 
     </span>
    </p>
   </div>
  </div>
 </body>
</html>
